5191 6828
1168 830 2678 923 Sequitur ordinaciones collegii Sancti Mar¬
1398 939 2664 1012 cialis Avinionensis facte per reverendis¬
1308 995 2656 1098 simum in Christo patrem dominum Jacobum mise¬
1170 1094 2634 1183 ratione divina abbatem Cluniacensem.
1184 1171 2599 1250 Et primo quia unio prioratus de Tincto suum
1212 1269 2682 1342 sortita est effectum volumus quod a cetero cele¬
1182 1346 2570 1434 brentur tres misse, una submissa voce in au¬
1176 1430 2642 1512 rora ante horam doctoralem que celebrabitur
1156 1507 2645 1596 per studentes, et alie due cum voca scilicet matuti¬
1172 1605 2625 1676 nalis post primam et magna missa secundum quod
1164 1680 2672 1772 fieri est consuetum in prioratibus conventualibus
1184 1761 1638 1835 per claustrales.
1202 1860 2640 1933 [I]tem cantabuntur omnes hore cum voca et horis con¬
1180 1940 2617 2031 suetis et determinatis secundum est fieri consuetum
1181 2030 2619 2116 in prioratibus conventualibus, in quibus horis omnibus
1176 2114 2624 2206 intererunt continue religiosi non studentes pro
1166 2190 2659 2301 divino officio faciendo. Et alii religiosi studen¬
1164 2290 2626 2393 tes intererunt in diebus festinis, saltem in missis
1186 2388 2638 2489 vesperis et matitutinis. Et in magnis et preci¬
1180 2474 2194 2553 puis festivitatibus in omnibus horis.
1198 2554 2570 2653 Item dicti religiosi qui ibi morabuntur
1328 2660 2608 2751 incedent in habitu honesto et decenti et serva¬
1174 2754 2644 2839 bunt cerimonias ordinis et gubernabuntur. Et re¬
1176 2854 2620 2933 gentur secundum quod est fieri consuetum in aliis prioratibus conven¬
1178 2942 1668 3011 tualibus ordinis.
1194 3032 2590 3111 [I]tem tenebunt capitulum saltim ter in ebdomada
1182 3125 2635 3196 et punientur et corrigentur per suppriorem deputandum
1172 3209 1882 3280 juxta morem ordinis.
1326 3304 2645 3381 Item non erunt ausi exire claustrum collegii
1212 3389 2658 3463 sine licencia petita et obtenta a suppriore eorum¬
1182 3475 2668 3559 dem vel alio superiore. Et non dabitur eis licentia dis¬
1178 3576 2506 3659 currendi villam sine justa et legitima causa.
1216 3670 2582 3753 [I]tem religiosi studentes quilibet eorum habebit ca¬
1182 3762 2651 3859 meram suam. Hii non studentes jacebunt insimul
1196 3860 2598 3961 in una domo et non bini, sed quilibet per se ut est
1178 3976 1660 4059 fieri consuetum.
1212 4054 2592 4241 Item comedent omnes insimul religiosi et
1352 4144 2596 4233 horis consuetis et ordinatis taliter quod stu¬
1200 4242 2256 4345 dentes non perdant lectiones suas.
1220 4350 2646 4441 [I]tem studentes audient omnibus horis, videlicet
1204 4434 2624 4533 hora doctorali et tercie, none et vespore, ex¬
1208 4534 2586 4625 ceptis illis qui legent. Et nunquam erunt ausi
1208 4616 2613 4721 exire sine licencia alibi preterquam ad scolas rec¬
1212 4698 2648 4813 ta via horis tam consuetis, alias punientur
1212 4822 2004 4911 acriter sicut et reliqui.
1247 4914 2616 5003 Item ponentur in dicto collegio in conventu
1296 5014 2626 5105 sex religiosi studentes, et octo religio¬
1210 5114 2606 5215 si pro officio divino faciendo qui aliquomodo
1218 5214 2634 5315 non vacabunt circa studium, sed solum circa offi¬
1212 5336 2028 5425 cium divinum faciendum.
1220 5412 2634 5523 [I]tem habebunt dicti religiosi duos vel tres se¬
1228 5497 2637 5627 culares pro eorum servicio. Et sic erunt in
2862 864 4358 953 numero computatis religiosis et secularibus
2888 944 4322 1045 decem septem pro nunc donec alie uniones
2834 1032 4314 1126 sorciantur suum effectum. Et tunc aug¬
2856 1118 4312 1198 mentabitur numerus religiosorum. Et unus
2864 1199 4312 1284 dictorum famulorum erit continuus pro libris
2855 1290 4300 1381 portandis et alius pro coquina.
2890 1383 4330 1455 Item claudentur porte collegii bona hora
3020 1463 4288 1537 per aliquem deputandum et custodientur
2855 1547 3812 1622 claves per superiorem eorum.
2892 1630 4308 1721 Item omnis erunt principaliter sub obedi¬
2984 1718 4284 1811 encia et regimine prioris de Guilhestra,
2860 1798 4284 1903 qui [disponet] de omnibus juxta ejus voluntatem,
2837 1861 4234 1997 et secundario sub obediencia supprioris
2858 1982 3468 2062 deputandi.
2866 2075 4276 2168 Forma juramenti prestandi per scolares
2948 2164 4276 2265 qui de novo recipiuntur in collegio Sancti
2826 2244 3720 2339 Marcialis Avinionensis.
2928 2342 4292 2441 Primo jurabunt quod ad quemcumque statum
2836 2420 4280 2541 devenient non erunt contra dominum
2852 2513 4288 2628 abbatem monasterii Cluniacensis aut con¬
2840 2609 3342 2680 tra collegium.
2848 2711 4272 2805 Secundo jurabunt quod obviabunt in quantum
2868 2780 4228 2894 poterunt quod non recipietur aliquis
2842 2880 4306 2982 studens in dicto collegio nisi prius prestito
2834 2960 4252 3066 juramento in capitulo Cluniacensi prestari
2834 3047 4232 3162 consueto per scolares de novo ibi recipien¬
2838 3133 4222 3252 dos, et quod sit monachus Cluniacensis
2844 3228 4258 3351 vel receptus in dicto capitulo Cluniacensi.
2873 3392 4042 3468 Item jurabunt quod non permittent
2998 3468 4210 3552 morari in dicto collegio monachos
2830 3554 4254 3634 alterius ordinis aut seculares nisi servitores si¬
2826 3646 4294 3733 ne expresso mandato domini abbatis Cluniacensis.
2852 3748 3738 3824 Item jurabunt quod nec
2958 3830 4268 3925 per se nec per alios impetrabunt directe nec
2844 3928 4238 4029 indirecte nec dabunt consilium quod impetretur
2832 4025 4298 4122 mansio in dicto collegio in cui quacumque impetran¬
2834 4121 4224 4204 ti obviabunt pro posse nec ipsum recipient
2842 4206 4286 4307 nisi de mandato domini Cluniacensis in quantum in ipsis
2830 4330 3112 4407 fuerit.
2936 4398 4278 4501 Item jurabunt quod servabunt statuta.
