6120 7464
2236 1625 5250 1797 In Dei nomine amen. Anno ab incarnatione ejusdem millesimo .ccc°. octavo, indictione
2268 1709 5234 1881 septima, die sabbati post nativitatem Domini, apud Theffordum[Thetford] in camera prioris Beate Marie Theffordi, pontifficatus
2286 1787 5318 1964 sanctissimi Patris et Domini, domini Clementis divina providentia pape quinti anno quarto, in presentia mei infrascripti
2348 1863 5314 2044 notarii et testium subscriptorum, personaliter constitutus nobilis ac religiosus vir domnus Guillelmus de Venthedoro decanus
2336 1951 5258 2120 humilis de Carennaco Caturcensis dyocesis ordinis Cluniacensis michi predicto notario exibuit et mostravit quasdam patentes
2344 2046 5352 2206 litteras non rasas, non cancellatas, non obolitas, nec in aliqua parte sui viciatas, sigillo regis Edwardi filii regis
2344 2140 5234 2287 Edwardi, pendente in cera alba, veris et expressis litteris seu caracteribus sigillatas, ut prima facie apparebat,
2360 2219 5352 2358 quas ad ejus requestam transcripsi, publicavi et in formam publicam redegi, quarum litterarum regiarum tenor sequitur sub
2356 2311 5376 2444 hiis verbis. Edwardus Dei gratia rex Anglie, domnus Hybernie et ducx Aquitanorum, omnibus ad quos presentes littere pervenerint salutem.
2364 2394 5408 2526 Quia accepimus per inquisitionem quam per dilectos et fideles nostros Willelmum de Ormesby, Johannem de Thorp. et Hernicum de Stamton.
2380 2476 5428 2615 fieri fecimus quod abbates Cluniacenses, qui pro tempore fuerint successive in singulis vacationibus prioratus de Thefford., qui est de patronatu
2368 2566 5356 2695 nostro, ratione terrarum et tenurarum que fuerint Rotgerii le Bygod, quondam comitis Norff. et marescalli Anglie, in manu nostra existentium
2380 2646 5466 2765 temporibus retroactis consueverunt preficere aliquod de commonachis suis in priorem prioratus illius, et priores illos, sic prefectos,
2392 2738 5418 2852 presentare per suas litteras patentes comitibus Norff., qui pro tempore fuerunt, tamquam patronis prioratus illius pro resti¬
2386 2823 5448 2937 tutione temperalium ejusdem prioratus ab eis optinenda, rogando dictos comites quod dictos admitterent presentatos ; et
2380 2901 5452 3025 quod dicti comites presentatis illa sine contradictione vel impedimento temporalia predicta semper hactenus restituere consueverunt,
2382 2987 5426 3105 quousque predictus Rogerus comes, tempore guerre inter domnum E., quondam regem Anglie patrem nostrum, et regem Francie,
2384 3063 5450 3205 dudum mote dicto prioratu per mortem cujusdam Vincentii tunc prioris loci illius vacante, fratrem Reginaldum de Eyc,
2394 3154 5456 3286 per quosdam monachos loci predicti fecit eligi in priorem et ei dicta temporalia reddidit ; quodque prefati comites in hujusmodi
2384 3246 5444 3391 vacationibus loci predicti ponere consueverunt unum janitorem equitem vel peditem in prioratu illo, qui percipere consuevit vic¬
2384 3340 5472 3469 tualia sua necessaria durante vacatione predicta absque aliquo alio profituo ad opus domni sui vel suum de bonis dicti
2400 3417 5468 3548 prioratus capiendo vel se in aliquo alio intromittendo ; et etiam quod predicti comites, facta sibi fidelitate per priores
2412 3499 5468 3636 illos a predictis abbatibus, ut predictum est, presentatos liberare consueverunt prioratum illum eisdem prioribus per ballivos suos
2404 3580 5424 3721 semper ante tempus predicti Rogeri comitis, et janitores illos absque aliquo capiendo vel retinendo amovere. Nos
2412 3654 5478 3813 licet dilectus nobis in Christo .. abbas Cluniacensis, aliquem de commonachis suis nobis, tanquam patronis dicti prioratus, per sufficientes
2422 3739 5456 3893 litteras non presentavit, sicut predecessores sui prefatis comitibus, ut predictum est, presentare consueverunt. De cir¬
2402 3809 5468 3977 cumscriptione tamen et industria dilecti nobis in Christo fratris Willelmi de Venthedoro commonachi ejusdem abbatis confidentes,
2406 3892 5422 4060 commisimus ei de nostra gratia speciali custodiam temporalium prioratus predicti habendam usque ad festum Pasche proximo
2422 3996 5498 4151 futuro, ita quod interim idem abbas aliquem de commonachis suis in priorem loci predicti preficere, et ipsum per litteras suas
2424 4090 5442 4237 patentes nobis modo debito valeat presentare, salvo semper in omnibus jure nostro, cum voluerimus inde loqui. In
2418 4182 5446 4329 cujus rei testimonium, has litteras nostras fieri fecimus patentes. [Teste] me ipso, apud Doyflet, .vii. die octobris, anno
2424 4264 5489 4421 regni nostri secundo ... per consilium. Acta fuerunt hec omnia et singula suprascripta, anno, indictione, die
2416 4347 5484 4522 et loco supradictis, presentibus Ponseto de Fraysheneto et Bertrando de Mierio, domicellis, et Durando La Vidrinet(?),
2426 4481 3670 4600 ad hec testibus vocatis specialiter et rogatis.
3164 4926 5424 5101 Et ego, Geraldus de Manso, clericus Lemovicensis dyocesis, sacra auctoritate imperii publicus notarius,
3200 5024 5528 5195 premissis omnibus et singulis una cum dictis testibus presens interfui, et hec omnia et singula
3206 5135 5488 5300 ad requestam dicti domini decani vidi et audivi et fideliter recepi, scripsi et publicavi,
3214 5229 5340 5379 et in formam publicam redegi, signoque meo consueto signavi rogatus.
3222 5315 5408 5451 Item facta fuit collatio de presenti instrumento cum dictis litteris regiis per me dictum
3220 5407 5408 5543 notarium cum domino Andrea rectore ecclesie de Lhinars.
