5191 7036
284 1837 4885 1983 Urbanus, episcopus servus servorum Dei, dilecto filio Symoni abbati
278 2005 4872 2119 monasterii Cluniacensis Matisconensis diocesis, salutem et apostolicam benedictionem. Devotionis tue sinceritas quam ad nos
278 2146 4893 2276 et Romanam geris Ecclesiam promeretur ut petitionibus tuis illis presertim que ad salutem et comodum ani¬
294 2293 4752 2412 marum cedere valeant quantum cum Deo possumus favorabiliter annuamus. Hinc est quod nos tuis
302 2435 4882 2539 devotis supplicationibus inclinati ut quocienscumque et ubicumque coram te et successoribus tuis abbatibus
290 2569 4892 2698 tui monasterii Cluniacensis qui erunt pro tempore .iii. missarum solemnis per predicationis ministerium
300 2713 4969 2818 proponi contigerit publice verbum Dei hujusmodi verbum proponens possit auctoritate apostolica omnibus
304 2848 4892 2953 vere penitentibus et confessis ibidem presentibus sive proponens ipse Cluniacensis ordinis professor sive
296 2981 4966 3094 alius cui tamen officium predicationis competat fuerit quadraginta dies de injunctis eis penitentiis
306 3127 4929 3254 misericorditer relaxare tibi et eisdem successoribus tenore presentium indulgemus. Nulli ergo omnino
284 3265 4971 3395 hominum liceat hanc paginam nostre concessionis infringere vel ei ausu temerario contraire. Si quis
292 3413 4886 3526 autem hoc attemptare presumpserit indignationem omnipotentis Dei et beatorum Petri et
306 3557 4941 3679 Pauli apostolorum eius se noverit incursurum. Datum Avinioni .xiii. kalendas januarii,
296 3711 4962 3829 pontificatus nostri anno primo.
282 5047 790 5186 .xx. P. Vitulis
