5191 7036
1502 595 3974 771 Il est acordé entre les dittes parties que au cas que les dis arbitre dessus nommé ne pouroient vaquer
1550 673 3924 841 au dit arbitrage ou ne voudroient, occupés de autres besoignes, que le dis messires Regnaut puesse
1542 749 3930 918 eslire et mettre hun autre au lieu de mossire Artaut et ce mesme puessent faire messire l'abbé de Cluny
1530 817 2868 908 et le covent dou lieu en lieu dou prieur de Sovigni.
1534 1248 3934 1397 L'an comme dessus et le .xv. jour dou dit moys de may par les seignours de Cluny, c'est asavoir le grant priour,
1526 1320 3928 1465 le priour claustrier et le prieur de Saint Eutrope presidens au chapitre generaulz et touz les autres presidens dou
1502 1393 3920 1537 covent de Cluny, fut acordé avec noble homme et puissant mossire Artaut dou Seis seignour de Clavagris
1406 1456 3898 1611 et mossire Mile de Montatane, chivallers entierement et de point en point que li acors trattiés et parlés
1500 1544 3886 1687 par les dessus dis et l'an donné dessus le .xv. jour dou dit moys se tiendra a jouste tant que ou cas en quoy
1514 1615 3916 1768 messire Regnaut de Mombellet ne viendroit a l'eglise de Cluny, ensi comme au premier article est contenu,
1506 1692 3876 1842 c'est assavoir en une cote sen corroie sen soulers sen chapiron la teste descoverte le dis messire Regnaut en
1514 1769 3850 1913 fera l'ordenance de monseigneur de Cluny. Et au cas que le dis messire Regnaut ne vouldroit tenir sur cest
1506 1839 3890 1997 trois poins la dite ordenance dou dit monseigneur de Cluny de maintenant se obligent les chevalers dessus nommés
1424 1920 3882 2070 a paier au convent de Cluny .C. mars d'argent a la volonté et requeste dou dit convent, et sur ce tenir
1436 1992 3864 2140 hostages en la ville de Cluny jusque a ce qu'il ehussent satisfait au dit convent des dis .C. mars
1418 2058 3828 2213 d'argent ou fait leur gré. Et de ce hont obligié les dis chivallers et chascun par le tout lour et
1502 2140 3880 2281 touz leur biens et se sunt somis a totes cors de ce acomplir. Et a ce furent present maystre Estiene
1490 2224 3844 2363 de Moleres, Jehan Bloier dou convent de Cluny, Perrin de Noeres, Estevenin Segaut de Chissie
1466 2294 2466 2389 et Jehan Penichon, tesmoyns a ce appellés.
1432 2738 3826 2871 Sachent tuit que en la presence de moy notere publique et des tesmoyns si dessoubz escrips nobles
1498 2822 3920 2948 hons messires Regnaut de Monbellet chivaller sire de Jouce lehu par devant luy le trattié acors et convenan¬
1482 2898 3838 3015 ces faites et pourparlees en non de luy et par luy par noble home et puissant messire Artaut dou Seis
1396 2966 3866 3093 chivaller aveq messire Mile de Montautaine et touz les poins et articles contenuz es dis acors et convenances
1482 3044 3894 3168 escriptes en ceste present role confesse de certainne science les dites convenances et le contenu en ycelles estre
1472 3120 3884 3232 faites en non de luy et par luy et ycelles loue approve rattiffie et conferme dou tout en tout et permet
1460 3192 3832 3309 par son sariment et sur la obligation de son propre corps et de touz ses biens meubles et non meubles
1476 3269 3844 3365 queque part qu'il soient de tenir et acomplir et garder fermemant et entieremant et ha plus
1464 3343 3906 3429 grant sehurté au deffaut des biens meubles et non meubles presens et avenir dou dit messire Regnaut.
1358 3404 3890 3498 Dame Margerite dou Mont Sant Jehan, feme dou dit messire Regnaut, a ce de la autorité et commande¬
1474 3489 3838 3573 mant de son dit mari se consent et oblige soy et ses biens. Et a la requeste dou dit monsseigneur Regnaut
1476 3563 3870 3645 et de la ditte dame Margerite sa feme qui se sunt obligiez comme dessus est dit messire Jehans chivaller
1472 3639 3828 3722 sire de Ferci et messire Guillaume de Ferci sire de Savigné et messire Mile de Montentaine et chascun par le
1458 3707 3842 3786 tout se sunt obligiez pleges et principaulx a tenir et garder les choses dessus dittes de point
1468 3786 3901 3858 en point en sometant et obligant eux et leur biens quelque part qu'il soient tant les principal
1452 3856 3840 3928 comme les fiances es juridicions et soubz les seels des cors de la chambre de messire le pape et dou
1462 3924 3880 3997 petit seel roial de Mepeiller et de la cour royal dou baillage de Mascon et de l'officier et dou prevost
1458 3994 3820 4071 de Mascon et de totes autres cors tant d'eglises que seculeres pour lesqueles il velent estre
1462 4067 3884 4140 contrains etc. et que l'une ne empeche l'autre etc. renunce a touz drois etc. vullent que lettres soient faites
1476 4137 3806 4212 au dit de sages une fois ou plusieurs la substance non muee etc. Donné le diemenche avant l'ascencion
1452 4203 3860 4290 le .xviii jour dou moi de may, l'an mil .ccc.soixante et cinq. present Guillaume de Moroges, Jehan de
1452 4285 3210 4366 Gleves, Pierre de Maiguat escuyers et plusieurs autres tesmoiyns etc.
1946 4422 3695 4508 Ita fuit actum coram me notarium presentibus testibus ultimo suprascriptis teste hoc signo meo
1998 4516 2314 4585 J. de Burg.
1458 4672 3796 4733 Affin que les choses dessus dittes aient plus grant fermeté et plus grant valeur, je, Jehan de Burg.
1478 4745 3754 4800 du commandement et de la volonté du dit messire Regnaut ay mis son petit seel en deffaute dou grant
1492 4819 3756 4875 seel en cestuy present roulle et est acordé et outroyé que quant le dit messire Regnaut viendra
1486 4887 3738 4948 a Cluny por acomplir les chouses dessus dittes qu'il scelle de son grant seel cest present rolle ou
1458 4947 3786 5022 face seeller dou grant seel commun dou bailliage de Mascon. Ce ha esté acordé par messire Artaut
1242 5016 3700 5091 dou Seis en non dou dis messire Regnaut, present messire Jehan curé de Nostre Dame de Cluny,
1478 5083 3672 5177 Guiot de Mascon et Jehan Alcanon, clers. Donné le .xx. jour de may l'an .mccclxv.
2652 5240 3660 5313 ita fuit actum coram me notarium publicum et testibus ultime scriptis
2714 5334 3486 5403 teste hoc signo meo pro me J. Burg.
