5191 7004
164 2690 5116 2845 Urbanus episcopus servus servorum Dei, dilecto filio Symoni abbati monasterii
134 2836 5116 2980 Cluniacensis ad Romanam ecclesiam nullo medio pertinentis, Matisconensis diocesis, salutem et apostolicam benedictionem. Exposcit tue devo¬
158 2969 5104 3104 tionis sinceritas, et religionis promeretur honestas, ut petitionibus tuis illis presertim, que status tui
154 3093 5100 3226 et monasterii Cluniacensis ad Romanam ecclesiam nullo medio pertinentis Matisconensis diocesis perrogativam et
155 3214 5110 3356 honorem respiciunt, favorabiliter annuamus. Hinc est quod nos tuis in hac parte supplicationibus in¬
160 3354 5112 3489 clinati, ut tu et successores tui abbates dicti monasterii, qui erunt pro tempore, tam in eodem
155 3482 5092 3613 monasterio, quam in prioratibus et ecclesiis, sive locis tibi et eidem monasterio immediate sub¬
154 3612 5124 3728 jectis, infra metas tamen exemptionis monasterii ejusdem consistentibus, omnibus et singulis sco¬
146 3735 5110 3855 laribus volentibus clericali caractere insigniri, qui de locis hujusmodi oriundi fuerint, primam tonsuram clericalem conferre valeatis, constitutionibus
148 3858 5076 3991 apostolicis et aliis contrariis non obstantibus quibuscumque, tibi et eisdem successoribus auctoritate apostolica
146 3990 5131 4112 tenore presentium indulgemus. Nulli ergo omnino hominum liceat hanc paginam nostre concessionis
150 4106 5121 4233 infringere vel ei ausu temerario contraire. Si quis autem attemptare presumpserit indignationem
140 4238 5076 4360 omnipotentis Dei et beatorum Petri et Pauli apostolorum ejus se noverit incursurum. Datum Avinioni,
120 4359 5142 4479 kalendas aprilis, pontificatus nostri anno quinto.
4414 5607 5182 5727 A. de Mediolano.
