6120 7464
842 1043 5140 1218 Nos, Bernardus de Valle, sacrista Belliioci, tenentes sigillum commune domni regis Francie in baillivia Matisconense constitutum, notum facimus universis quod in presentia
850 1143 5170 1308 mandati nostri videlicet Stephani dicti bailli de Matiscono clerici jurati dicti domni regis et nostri et ad hoc a nobis specialiter deputati et testium subscriptorum ad hoc specialiter vocatorum et rogatorum, anno et die et loco infra¬
855 1235 5188 1400 scriptis, propter hec que secuntur personaliter constituti : dominus Pontius de Ruffiaco, domnus Remigius, Petrus de Quircu, Johannes de Chides, Andreas de Generali, Guido de Camera et Guido Boratz presbiteri, Stephanus
839 1333 5156 1501 Promiers, Jaquetus Tevenore, Jacobus de Bella Villa, Hugo hospitalarius de Sancto Maiolo, Guillelmus de Hospitio, Guido Blancheti, Perraudus Columbi, Johannes Becauz, Jaquetus de Lingono, Johannes Cha¬
862 1417 5162 1593 grins, Vincentius Bardons, magister Johannes de Sedibus, Johannes Philippi, Johannes Barbitonsor, Robertus li Duchaz, Johannes Reinaus, Jacobus Hospitalarius, Benedictus Niczons, Johannes Martini, Marmerius
873 1515 5190 1686 Johannes de Aziaco dictus li Miche, Johannes Gerauderi, Johannes li Duchaz, Petrus Bordeti, Guillelmus Lirviers, Guido Niczons, Johannes li Gaitoz, Robertus li Lavandiers, Johannes Perrauclini, Guillelmus de Vache¬
872 1616 5156 1788 ria, Stephanus de Bosco, Bertholdus de Bosco, Johannes de Nemoribus, Colinus dictus Pailliars, Johannes Payreliers, Petrus Frenions, Johannes Barberii, G. li Coduriers, Galnerius li Aniers, Stephanus de Boteria dictus Ga¬
864 1714 5160 1882 dins, magister Matheus, Perraudus de Viriaco, Hugo Porte Vilain, Remigius de Furno, Guillelmus Sainsalamaneire, Guichardus de Marchisues, Hugo de Elemosina, Stephanus Vanon dictus Thobies,
862 1816 5148 1982 Petrus de Miolay, Henricus Ruffi, Johannes li Esclayraz, Johannes de Marchisues, Johannetus de Marchisues, Stephanus Canis, domini Martinus Pagani et Johannes Boraz presbiteri, Michael Avaniers, Hugo Christophori
858 1918 5168 2080 hospitalarius de la Chauncyse et Perronetus li Patissiers, Johannes Prepositi, Bertholdus Polaliers dictus Frasiers clericus, Thomas de Froges dictus Corbilliers, Johannes de Orto, Guichardus de Sancta Cecilia, Guillelmus de Valli¬
862 2018 5150 2176 bus de Barra, Johannes Boneti de Tramayez, Benedictus Bardons, Stephanus de Doneriche, Johanes de Miolayz, Perraudus de Sancto Ypolito, dominus Lambequins, Benedictus li Aniers, Johannes de Vono, Hugo de Cruce, Guillelmus
834 2112 5196 2274 Bresiers dictus li Hugiers, Bernardus Faulerus, Julianus Begums, Petrus Piscator, Johannes de Sancto Taurino, Johanes Renous, Bernardus li Gaceliers, Laurentius Goriaz, Johannes del Marrterey, Stephanus de Pasque¬
828 2202 5208 2374 no, Guillelmus de Paredo, Stephanus Valetus a la Gayté, Guillelmus Garnerii, Bernardus li Sarreuriers, Gaufredus de Vacheria, Bernardus de Pasquerio, Martinus li Reys, Hugo de Mayure faber, Michael de Cortenay,
828 2294 5162 2476 dictus Robins Pelliparius, Girardus de Bruilliat, Stephanus Grasse Oye, Perraudus de Sagiaco, Perrinus Berengiers dictus Bardons dictus Sicliers Piscator, Vincentius de Chillue, Johannes Giraudeti, Johannes de Paredo,
828 2386 5186 2576 Guionetus de Bruilliat, Johannes de Bissiaco, Johannes li Retondreres, Johannes li As, Johannes Bidauz, Guillelmus serviens Cantoris, Guillelmus li Buyers, Guido de Chasello, Johannes de Gorres, Guillelmus Flocars, Martinus
808 2470 5174 2676 Falconeti, Perronetus Motoverii, Johannes Darui Grolerii, Bonetus Porcherii dictus Bonez, Robertus de Brancion, Bertholdus Cuscignias dictus Balez, Guichardus dictus Chardons, Johannes de Rueres, Perronetus Daguin, Johannes
800 2562 5210 2774 Flagellini, Guido Cherveti, Stephanus Privez, Stephanus Grolerii, Dyonisius Surgo, Guido Textor, Micheletus Reyars, Gaufredus Frenerii, domini Martinus Moutons et Stephanus Primardi presbiteri, Johannes de Merlo, Hugo
810 2664 5190 2868 Nice, Johannes Sequars, Perraudus Davalierz, Johannes Vilani, Guillelmus Darrus, Guillelmus Maufreyz, Girardus de Sallie, Johannes li Veneres, Girardus Vigniaus, Hugonetus Brariciaz, Johannes de Sinto, Martinus Chava¬
784 2760 5204 2945 nes, Amietus del Celier, Stephanus de Chasseley dictus Buriaz, Robertus Columbi, Symon Mochefaye, Laurentius Gaytoz, dominus Symon Plantachol presbiter, Guichardus de Sancto Vincentio, Stephanus de Bus¬
784 2844 5208 3021 siaco, Colinus Scissor Pannorum, Jaquetus li Tisserans, Guillelmus li Tisserans, Vincentius Coillionz, Johannes Rogaus, Bertholdus Ramiaz, Thomas Chalviaz, Stephanus Ponce Vilain, Guido li Rames, Robinus de Ele¬
780 2928 5212 3120 mosina, Johannes Quarres, Johannes Copins, Girardus de Chaumont, Martinus li Tors, Stephanus li Forniers, Johannes de Lechiaco, Laurentius de Quercu, Baufredus Carpentarii, Perronetus Rogers, Martinus de Ber¬
784 3028 5176 3210 ziaco, Bernardus Gilliers, Ligerius li Boriois, Stephanus Jugliers, Perraudus Gaudiaus, Matheus li Royers, Pervuus Robinus, Johannes de Elemosina, Robertus Textor, Johannes de Berziaco, Johannes de Cerni, Rosetus de Molen¬
784 3126 5204 3302 dino, magister Johannes Pelliparii, Johannes de Poilliaco, Martinus de Buisserus dictus Pulliez, Guiotus Deserti, Perronetus Ruaz, Johannes de Salliaco, Stephanus Libuta, Martinus de Castris, Peradus Saviauz, Reinal¬
792 3218 5204 3394 dus Faidiz, Petrus de Bosco, Perretus de Massillier, Hugo de Vendenessa dictus Begous dictus Malgardez, Stephanus Charboniaz, Bertholdus de Ulmo, Johannes de Castris, Stephanus li Ciliers, Stephanus Chivignies, Hu¬
796 3314 5180 3484 go de Bayssiaco dictus Fouviele, Johannes li Borreliers, Johannes Donbities, Johannes li Testiz, Petrus de Blanziaco clericus, Symonetus li Batiers, Andreas de Supra Pontem, Hugo Botons, Petrus Racli¬
788 3412 5200 3582 ers, Stephanus Recliers, Guillelmus Pougeti, Perraudus Chaumaveyz dictus Vulgos, Johannes de Varengiis, Gaufredus li Teliers, Robertus de Chides, Bernardus Reclus, Hugo Borrachons, Hugo
792 3504 5204 3678 de Sertines, Dyonisius de Sancto Mauritio, Johannes Varreyres, Gaufredus li Teliers, Hugo de Prisiaco, Stephanus de Berga Serena, Petrus Torculator, Guillelmus de Fabrica, Robertus de Besornay, Bernardus
780 3608 5200 3776 Peday, Hymbertus Escutiaz, Bernaudus de la Chise, Jaquetus li Boitous, Morinus Morisiaz, Johannes li Cours, Johannes de Biey, Bernardus de Pereyz, Stephanus li Borgeys, filius Perraudi de Mont Agu,
776 3702 5180 3870 Hugo Lamberti, Stephanus Chevaliers, Johannes Grolerii dictus Chaumondes Marescallus, Petrus de Bosco, Renaudus Marescalli, Petrus de Salornay, Andreas de Cortenay, magister Henricus, Perronetus
788 3800 5208 3960 de Bissiaco, Petrus Monachi, Johannes Belaus, Bertholdus de Masillo, Stephanus de Hospitale, Odonetus Bicamez, Johannes Faber, Lambertus de Petra Clausa, Michael li Quaque, Guillelmus li Quaque, Johannes de Greve¬
810 3892 5208 4052 rio, Perronetus li Blanchars, Andreas li Rayaz, Perronetus de Nemoribus, Perretus Rosanz, Perraudus de Valle de Bayere, Robertus de Salornay dictus Moriaz dictus li Naynz, Stephanus Grolaz, Johannes de Don¬
782 3986 5200 4148 ziaco, Hymbertus Vaboz, Johannes de Salliaco, Stephanus Jacobi, Johannes de Don, Johannes Goberz, Guichardus Lupi dictus Gilebers, domnus Stephanus et Perronetus de Lardero dictus Grimarz, Johannes Nunars, Galte¬
782 4078 5156 4246 rus Giliners, Robertus de Bosco, Dyonisius Clauserius de Sancto Lazaro, Bernardus des Estamines, Micheletus de Vallibus dictus Michauz Faber, Huldricus li Tisserans, Guillelmus Ogerii, Guillelmus Papil¬
782 4170 5194 4342 lions, Petrus de Castro Novo, Perronetus Pignielez, Bernardus de Besornay, magister Hugo Genevraz, Johannes Baconiaz, Ligerius Polarii, Perronetus de la Charmaye, Guido Cayns, Perronetus Sire,
758 4256 5204 4436 Girardus Grolerii dictus Miloz, Guillelmus de Cruce, Bertholdus Moriaz, Poncetus de Trembleyz, Colausus li Borgnes dictus Marciaz Torculator, Hugonetus Requeyz, Matheus Cornavin et Guido li Cor¬
782 4352 5200 4534 neirres, Andreas Varengiars, Stephanus Polez, Hugo Junoverii dictus li Porchiers, Martinus li Perriers, Jaquetus de Sancto Ypolito, Thomas li Chivrotiers, Guichardus de Lestriuz, Bernardus li Po¬
786 4448 5216 4636 chiers, Bertholdus Massaus, Perraudus Pavioz dictus li Potiers, Micheletus Bertez, Theobaldus Bouchedor, Jacobus Philippi, Michael Giraudi, Stephanus de la Chauneysa, Guillelmus li Maignins, Gaufre¬
778 4548 5208 4732 dus de Viuges, Philippus de Amugniaco, Gaufredus del Prestin, Dyonisius del Prestin, Thomas de Sancto Ypolito, Bernardus Chafferoge, Milo des Estamines, Vincentius filius magni Johannis, Micheletus
778 4644 5196 4826 Bonefoyz, Guichardus del Prestin dictus Coquilliaz, Matheus de Porta dictus Martinos, Bartholdus de Chasello, Lambertus li Royers, Johannes li Venerez, Pervus Bernardi Carnifex, Bertholdus de Jaloygniaco, Bernardus
780 4738 5216 4916 li Chape, Johannes Godefroyz, Stephanus del Cruchel, Johannes li Renvoisies, magister Guillelmus Costanz, Vincentius li Borgnes, Guillelmus Pilliez, Johannes de Chasso Grolerius, Pervuus Guichardus, Laurentius de Maleto,
778 4832 5200 5008 Bertholdus Armengons, Hugo de Ruffiaco clericus, Bertholdus Caprarii, Guillelmus Forcondi, Martinus de Lurduno, Bertholdus de Castris laycus, Micheletus del Mounet, Thomas Bolemars, Johannes filius a la Petiote, Dy¬
766 4930 5196 5106 onisius Forcoudi, Martinus de Jo, Johannes de Castro Novo, Johannes de Savinent, Gaufredus Regainz, Guillelmus de Fabrica, Guillelmus de Sancto Saturnino, Johannes Auri Faber dictus magister Aquarum, Martinus
762 5028 5224 5200 ejus serviens, Girardus de Salornay dictus Estevenoire, Perronetus Morestins, Petrus dou Chayne, Perronetus de Vitriaco, Guillelmus de Cabilone, Bertholdus filius Albi, Girardus Gileti, Johannes li Carduyers
742 5120 5204 5294 et dictus Poget de Merlo, Theobaldus de Elemosina. Omnes predicti superius nominati habitatores ville Cluniaci unanimes et concordes ex certa scientia sua et spontenea voluntate venientes in logiis
752 5212 5212 5386 ecclesie Cluniacensis coram reverendo in Christo patre ac domno Henrico divina permissione abbate Cluniacense, eidem domno abbati omnes predicti nominati superius et singuli eorumdem coram dicto mandato nostro super sancta dei evangelia tacto
734 5295 5198 5461 libro et extractis caputiis juraverunt et per juramenta sua prestita promiserunt predicto domino abbati se esse fideles et etiam custodire vitam et membra ipsius domni abbatis custodire et servare, et pro posse suo
744 5401 5228 5555 tueri et defendere contra omnes a quibuscumque personis, et in omnibus et per omnia honorem ipsius procurare et servare utile et bonum ac sanum consilium cum ab ipso super hoc requisiti fuerint, sibi dare contra omnes consilium et secretum ipsius
744 5487 5236 5641 nemini revelare, contra omnes malefactores ipsius et ecclesie Cluniacensis se opponere toto posse suo, et jura, juridictiones, dominia dicte ecclesie defensare, secreta ipsius celare sicut secreta domni sui, de cetero nullas conspira¬
744 5575 5200 5727 tiones, juramenta vel conventiones clam vel palam facere contra ipsium vel ecclesiam Cluniacensem aut conventum eiusdem loci, immo prefato domno abbati et suis successoribus universis perpetuo et fideliter obedi¬
744 5664 5192 5813 re, in omnibus licitis et honestis, quando et quociens super hoc sive super hiis fuerint requisiti. Hec autem omnia et singula acta fuerunt coram dicto mandato nostro, anno Domini millesimo .ccc°. nono die dominica post
744 5752 5200 5900 festum apostolorum Philippi et Jacobi, presentibus domno Stephano de Brueria milite, magistro Hugone Guichardi, Guioneto Julioti clericis, et pluribus aliis adhoc vocatis testibus specialiter et rogatis in logi¬
736 5832 5172 5989 is supradictis. Et super predictis petiit a me predicto notario dictus domnus abbas confici publicum instrumentum sub communi sigillo domni regis in baillivia Matisconense constituto. In cuius rei
720 5929 5160 6071 testimonium nos predictus Bernardus de Valle cum nobis constet de premissis per relationem dicti jurati nostri cui super hiis et aliis fidem plenariam adhibemus sigillum commune predictum litteris presentibus
728 6013 5156 6160 duximus apponendum. Datum et actum testibus predictis presentibus loco et die predictis. Ita fuit actum in mei notarii presentia et testium predictorum vocatorum et rogatorum
3020 6161 3734 6260 sub hoc signo meo.
