6120 7544
1592 1140 5116 1377 In nomine Domini amen. Noverint universi et singuli per hec presens publicum instrumentum sive transcriptum
1640 1225 5120 1456 quod anno nativitatis ejusdem Domini millesimo tricentesimo vicesimo quarto indictione septima mensis aprilis die decima, constituta
1628 1305 5140 1531 propter hec personaliter, in presentia mei notarii infrascripti fratrisque Wilhelmi monachi de Bertrees in monasterio Sancti Victoris
1632 1387 5108 1610 juxta Hoyum quo ad tempus celebrantis ac Benardi de Hermalles clerici publici auctoritate imperiali et curie Leodiensis notarii,
1612 1455 5116 1688 testium ad hoc vocatorum specialiter et rogatorum, religiosa mulier, Elysabet de Osten priorissa dicti monasterii Sancti Victoris
1632 1537 5128 1751 duas litteras exhibuit, unam videlicet fundationis seu fundatorum monasterii de Bertreya cui monasterium predictum Sancti Victoris
1620 1613 5136 1817 per almum patrem bone memorie dominum sanctum Hugonem quondam Cluniacensem abbatem ad unius capitis dominium dicitur
1614 1687 5120 1888 esse unitum et conjunctum, alia etiam dicte unionis et quarumdam libertarum a sancto Hugone predicto monasterio Sancti
1612 1763 5132 1948 Victoris concessarum et indultarum. Quarum litterarum littera dicte fundationis seu fundatorum sic incipit : In nomine sancte et
1608 1843 5124 2021 individue Trinitatis, ego Adalbero gratia Dei Leodiensis episcopus notum facio presentibus et futuris fidelibus nostris quod Walterus de Tridineis
1604 1919 5108 2085 liber homo ecclesiam de Bertrees in suo proprio fundavit allodio et cetera. Et sic terminatur : Actum Leodii, anno dominice
1620 1990 5106 2156 incarnationis .M.C°.XX°.IIII., indictione secunda, regnante Henrico quarto, anno imperii .XXV°., sub Alberone Leodiensis episcopo. Alia
1616 2067 5140 2224 vero unionis et libertatum memoratarum littera sic incipit : In nomine et individue sancte Trinitatis, Hugo dei gratia humilis Cluniacensis
1612 2140 5124 2294 abbas totusque ejusdem conventus universis Christi fidelibus tam presentibus quam futuris salutem in Domino, universa negotia negotia,
1608 2216 5120 2368 que perhennem desiderant habere memoriam litterarum indicionis ac testimonio debent communiri. Inde est, et cetera. Et sic terminatur :
1620 2286 5100 2444 Acta sunt hec anno Verbi incarnati .M°.C°. nonagesimo, indictione .xva. In qua quidem fundationis seu fundatorum
1604 2361 5108 2525 littera predicta inter cetera quedam clausule continentur inserte que quidem tales sunt : § Ita tamen quod fratres et sorores
1608 2433 5116 2605 de Bertrees priorem in Cluniaco sibi eligant ecclesia cui, post electionem, abbas donum prioratus benigne donabit nec de
1624 2509 5092 2671 jure contradicere debebit ; § neque aliquem sepe dictus abbas monacum ibi poterit mittere, nisi eum quem fratres et sorores loci
1612 2586 5128 2745 rogaverint. Si vero Cluniacensis abbas prioris electionem assentire, quod absit, sicut superius de ipso priore diffinitum est, noluerit,
1606 2670 5130 2835 ab episcopo Leodiensi requirant priorem. Cujus conferendi ecclesie habeat potestatem et in defensione atque arbitrio sit ejus hec
1604 2750 5136 2918 privilegium et hanc constitutionem retinere et tueri in perpetuum. Preterea quicumque causa salutis domus fraternitatem
1620 2830 5104 2990 petierit, prior loci constitutus cum assensu fratrum et sororum eum intra sue fraternitatis consortium recipiendi habeat
1602 2902 5136 3065 potestatem. In alia vero unionis et libertatum littera prelibata clausule certe continetur que tales sunt : § Preterea prior,
1596 2992 5144 3143 qui apud Sanctum Victorem curam animarum geret et providebit in spiritualibus, electione ejusdem conventus et auctoritate abbatis
1602 3076 5146 3233 Cluniacensis instituetur, ita tamen quod per eundem priorem temporalia non disponentur, nisi forte utilior non inveniatur. Hiis
1598 3160 5154 3317 prior sic institutus, quo advixerit, a prioratu non amovebitur, nisi ad majorem vocetur honorem, ad quem tamen non provehetur,
1620 3244 5160 3389 nisi assensu conventus Sancti Victoris, vel, quod absit, minus religiosus vel bonorum ecclesie delapidator fuerit inventus.
1616 3324 5148 3479 Decretum est etiam nullos monacos a nobis [ad] commanendum eis dirigere, nisi forte heedem Dei petierint ancille. Ut
1616 3396 5186 3565 autem prior spiritualium spiritualibus curis liberius intendere possit, si conventus sororum noluerit, libere et absque omni contradictione
1608 3482 5218 3650 quemcumque voluerint ad temporalem amministrationem, dummodo utilis et fidelis sit, de collegio suo sibi eligent et assument provisorem
1624 3556 5212 3748 et amovebunt, si aliter quam opus est fecerit. Insuper in predicta unionis dictarum cellarum littera inter cetera continetur clausula
1600 3643 5198 3813 quedam talis videtur : Nichil quoque aliquatenus a conventu vel priore prenominato exigere poterimus, preter annuum censum a fundatoribus
1606 3708 5134 3892 predictarum domorum constitum, scilicet a cellis singulis unum aureum denarium monete Leodiensis, sed auctoritate nostra actum est, quod pro recompensatione dat ecclesia
1610 3772 5182 3948 Sancti Victoris quinque marchas Cluniacenses et de quinque marchis reddet abbas unam marcham apud Martin., quamobrem ecclesia Sancti Victoris libera
1606 3934 2496 4006 est ab omnibus querelis in perpetuum.
2918 4332 5142 4433 Et ego Johannes Nicolai Valor, clericus Leodiensis dyocesis publicus auctoritate
2804 4408 5126 4537 imperiali et curie Leodiensis notarius, predictas clausulas ex dictis litteris
2840 4473 5144 4619 sumpsi ad supplicationem quod dicte priorisse easdem nicil addens vel minuens
2875 4523 5157 4692 quid mutet sensum fideliter exemplavi et diligenti collacione facta exempli
2832 4622 5162 4785 ad exemplar una cum prenominatis fratre Willelmo et Benardo hoc presens transcriptum
2845 4780 3994 4865 signo meo consueto signari rogatus.
1340 5359 5116 5614 Reverendo in Christo patri et amico nostro carissimo domino Petro, Dei gratia abbati Cluniacensi, Johannes de Warenna comes Surr. salutem cum sincere amoris amplexum.
1448 5429 5124 5692 Cum in prioratu Lewensi, in quo jus patronatus habere dinoscimur per mortem domini Johannis de Monte Martini, bone memorie olim dicti loci prioris vacantis, propter guer¬
1460 5496 5108 5777 ram gravissimam, notoriam et continuam inter serenissimos principes dominos Anglie et Francie reges, necnon propter transitum portus maris occasione dicte guerre
1464 5576 5140 5871 clausum, prout paternitatem vestram latere non credimus, inpediti nequiverimus ad presentiam vestram nostros nuncios mittere ad petendum ipsi domui provideri dicto priore, juxta conposicionis
1456 5664 5116 5955 formam inter vestros predecessores nostrosque antecessores olim prehabite et hactenus observate. Interim quidam monachus dictus Adam de Wincestria, occasione cujusdam gratie
1480 5748 5128 6043 a sede apostolica optente, ipsum prioratum dicto facto occupaverit et occupet in vestrum et nostrum prejudicium et jacturam. Hinc est quod nos impedimentis predictis cessantibus, plenius
1480 5844 5148 6129 informati per juris peritos, predictum intrusum nullum jus habere in ipso prioratu, in quantum nostri interest de prioratui provideri affectantes, ne in spiritualibus et temporalibus diucius tol¬
1484 5940 5124 6229 leretur, ad vestre paternitatis presentiam, dominum Guydonem de Cherringe et dominum Simonem de Novo Castro, nostros nuntios speciales duximus destinandos ad petendum et assu¬
1484 6038 5132 6317 mendum priorem, per vos eisdem nuntiis nostris prefatis tradendum, juxta formam composicionis antedicte, et ad faciendum et exequendum universa et singula ipsam provisionem contingentia,
1484 6134 5144 6411 juxta compositionem prelibatam. Valeat paternitas vestra per tempora longeva. In cujus rei testimonium, presentibus sigillum nostrum est appensum. Datum Staunfordi, .xxii. die aprilis,
1474 6356 2474 6483 anno Domini millesimo .cccmo. vicesimo septimo.
