7384 6120
1127 2377 5488 2553 Bonifacius episcopus servus servorum Dei, dilecto filio preposito ecclesie Vivariensis[Viviers?] salutem et apostolicam benedictionem. Ad audien¬
1060 2520 5492 2687 tiam nostram pervenit quod tam dilecti filii abbas et conventus monasterii Cluniacensis Matisconensis diocesis quam pre¬
1132 2662 5448 2821 decessores eorum decimas, terras, domos, vineas, prata, pascua, nemora, molendina, redditus, jura, juridictiones, maneria
1152 2796 5462 2973 possessiones et quedam alia bona ipsius monasterii, datis super hoc litteris, confectis exinde publicis instrumentis, jura¬
1154 2947 5492 3112 mentis interpositis, factis renunciationibus et penis adjectis, in gravem ipsius monasterii lesionem nonnullis clericis et laicis,
1160 3081 5522 3252 aliquibus eorum ad vitam, quibusdam vero ad non modicum tempus et aliis perpetuo ad firmam vel sub censu annuo con¬
1166 3218 5556 3393 cesserunt, quorum aliqui dicuntur super hiis confirmationis litteras in forma communi a sede apostolica impetrasse. Quia
1166 3365 5520 3537 vero nostra interest super hoc de oportuno remedio providere, discretioni tue per apostolica scripta mandamus quatinus ea que
1154 3510 5470 3679 de bonis ipsius monasterii per concessiones hujusmodi alienata inveneris illicite vel distracta, non obstantibus litteris, in¬
1156 3654 5538 3820 strumentis, juramentis, renunciationibus, penis et confirmationibus supradictis, ad jus et proprietatem ejusdem monasterii
1150 3812 5517 3960 legitime revocare procures, contradictores per censuram ecclesiasticam appellatione postposita compescendo. Testes autem qui
1154 3943 5574 4115 fuerint nominati si se gratia odio vel timore subtraxerint censura simili appellatione cessante compellas veritati testimonium
1150 4092 5591 4273 perhibere. Datum Laterani v. kal. maii, pontificatus nostri anno nono.
1222 4507 1494 4629 Tenetor.
