6120 7800
1346 2736 4978 2964 Universis presentes litteras inspecturis, nos frater Symon humilis prior Sancti Rachonis Eduensis, notum facimus quod, cum Girardus des Ambreres
1318 2837 4962 3049 diceret et proponeret contra virum religiosum fratrem Guillelmum, priorem de Magobrio, quod idem prior impediebat et perturbabat gaudem
1334 2931 4946 3135 pacifice ipsum Girardinum de jure quod habebat in furno de Magobrio, tandem ex potestate nobis data a reverendo in Christo
1334 3023 4978 3222 patre B., miseratione divina Cluigniacensi abbate, apud Magobrium die jovis ante festum beati Barnabe apostoli anno Domini millesimo
1322 3113 4962 3326 tricentesimo primo, personaliter accedentes ipsa die partibus predictis coram nobis existantibus, et pluribus rationibus ab ipsis partibus coram
1318 3216 4962 3429 nobis propositis, pro bono pacis ipsas partes de ipsarum partium assensu concordavimus et declaravimus jus, quod habere debet
1303 3311 4986 3523 imperpetuum dictus Girardinus in furno supradicto, videlicet quod dictus Girardinus vel sui deserviet in dicto fur¬
1326 3406 4994 3622 no imperpetuum, ut furnerius suis propriis sumptibus et expensis et pro pena sua habebit qualibet die cum nocte sequenti
1326 3504 5031 3711 computata. Idem Girardinus, quando plures furnee panis erunt cocte in dicto furno, terciam partem furnagii unius furnee
1278 3605 4966 3800 panis et de sola furnea panis cocta in dicto furno qualibet die cum nocte sequenti nichil habebit. Et totum furnagium excepta
1273 3703 4940 3892 illa tertia parte unius furnee panis dicto priori et successoribus suis prioribus de Magobrio remanebit. De pane vero
1344 3791 5012 3987 dicti prioris et successorum suorum priorum de Magobrio cocto in dicto furno, nichil capiet idem Girardinus. Et est sciendum
1330 3892 4979 4093 quod si idem Girardinus coqueret panem aliquem cum pane dicti prioris et successorum suorum, de illo pane cocto cum furnea dicti prioris
1336 3992 4924 4183 nichil debet capere Girardinus antedictus. Quam declarationem partes predicte voluerunt consenserunt ratam et gratam
1332 4092 4932 4281 habuerunt. In cujus rei testimonium litteris presentibus sigillum nostrum una cum sigillo dicti prioris de Magobrio
1318 4182 4944 4377 apponimus et rogovimus ipsum priorem de Magobrio ut sigillum suum una cum sigillo nostro litteris presentibus apponat
1310 4284 4928 4482 in testimonium premissorum. Et nos prior predictus de Magobrio in cujus presentia omnia acta sunt litteris presentibus una cum
1298 4384 4946 4584 sigillo dicti prioris de Sancto Rachone sigillum nostrum apponimus in testimonium omnium premissorum. Et debet idem Girardinus
1268 4486 4960 4688 et sui anno quomodolibet imperpetuum dicto priori de Magobrio et successoribus suis prioribus de Magobrio in vigilia nativitatis Domini unum panem
1286 4584 3864 4750 in valore octo denarium Turonensium seu monete currentis. Datum anno et die supradictis.
