7560 6120
1326 2043 6446 2277 Nos, judex curie Cluniacensis, notum facimus universis presentes litteras inspecturis quod nos vidimus et de verbo ad verbum legimus et inspeximus quasdem litteras officialis Matisconensis
1432 2133 6376 2369 cera virida in cauda pendente suo sigillo ut prima facie apparebat sigillatas, sanas, integras, non vitiatas, non cancellatas nec in aliqua earum parte corruptas, sed omni
1408 2233 6366 2475 prorsus vitio et suspicione carentes. Quarum quidem litterarum tenor de verbo ad verbum sequitur et est talis. Nos officialis Matisconensis notum facimus universis presentes litteras inspecturis
1410 2337 6434 2579 quod anno domini millesimo trecentesimo vicesimo primo die lune in festo beati Clementis pape, in presencia Johannis Marescalli de Cluniaco clerici curie nostre jurati necnon et testium subscriptorum presen¬
1406 2429 6422 2665 tavit se ac etiam comparuit religiosus vir frater Radulphus de la Guiche monachus Cluniacensis procurator et nomine procuratorio religiosorum virorum dominorum abbatis et conventus Cluniacensis coram presidentibus
1420 2522 6410 2758 in concilio provinciali Lugdunensi quod tunc in Matisconensi civitate celebrabatur, protestans de protestationibus infrascriptis. Ego procurator Cluniacensis predictus in primis protestor nomine procuratorio predictorum
1432 2614 6494 2865 dominorum meorum abbatis et conventus Clunicensis et nomine eorumdem quod coram vobis dominis presidentibus in predicto provinciali Lugdunensi concilio pro reverendo in Christo patre domino P.
1440 2709 6338 2940 prime Lugdunensis ecclesie archiepiscopo et comite non intendo comparere nomine procuratorio dominorum meorum predictorum ratione citationis auctoritate metropolitana emisse, cum domini mei predicti
1440 2807 6406 3039 abbas et conventus Cluniacensis necnon et monasterium cum omnibus membris suis sint exempti totaliter ab omnimoda juridicione ordinaria cujusquam et immediate per privilegia a sede apostolica
1430 2897 6358 3125 dicto monasterio, membris et toti Cluniacensi ordini concessa sacrosancte sedi apostolice sint subjecti. Protestor insuper ego procurator Cluniacensis predictus nominibus quibus supra quod per dictam comparicionem et
1454 2991 6360 3205 presenciam meam non intendo in dicto concilio comparere nomine predictorum dominorum meorum, nisi in quantum tangit et tangere potest factum, statum et honorem domini regis Francorum, ac
1442 3073 6314 3295 etiam in quantum in memorato concilio de articulis fidei tractaretur, et non virtute citationis auctoritate metropolitana emisse. Protestor ego procurator Cluniacensis predictus nominibus quibus
1414 3173 6385 3379 supra quod per hujusmodi comparicionem et presenciam meam non intendo privilegiis et libertatibus dictis dominis meis, monasterio, ordini et personis ejusdem a sede apostolica concessis aliqualiter
1430 3223 6408 3463 derogare. Has autem protestationes meas et earum quamlibet facio nomine de Paredo, de Sancto Marcello prope Cabilonem, et de Amberta prioratuum priores procuratorio nomine eorumdem necnon
1432 3303 6340 3559 et aliorum Cluniacensis ordinis vocatorum ad hujusmodi concilium auctoritate metropolitana, qui auctoritate et virtute dictorum privilegiorum memorato monasterio et toti ordini Cluniacensi
1448 3393 6378 3673 ab apostolica sede concessorum a totali juriditione cujusquam ordinarii sunt exempti nec coram coram vobis tenentur comparere virtute citationis emisse a reverendo in Christo
1436 3489 6438 3779 patre domino P. prime Lugdunensis ecclesie archiepiscopo et comite, cum propter talem comparicionem et presentationem infringeretur libertas et interrumperetur prescriptio exemptionis concessa ipsi
1448 3587 6414 3871 monasterio et toti Cluniacensi ordini. Hujusmodi autem protestationes meas et earum quamlibet volo pro repetitis haberi in qualibet parte negocii. Quibus premissis orethenus a dicto procuratore
1438 3693 6458 3975 nominibus quibus supra propositis coram dictis presidentibus in aula domini Matisconensis . . episcopi et die predicta, dominus Guillelmus de Burgo canonicus Matisconensis et officialis Lugdunensis, presentibus aliis presidentibus1 in dicto concilio cum eodem pro reverendo in Christo patre domino P. prime Lugdunensis ecclesie archiepiscopo et comite, respondit procuratori Cluniacensi
1440 3781 6366 4083 predicto per hec verba : « Domine procurator, numquam fuit nostra intentio quod dicta citatio auctoritate metropolitana emissa pure et plene exemptos artaret, nec est nostra intentio
1446 3877 6442 4185 quod virtute dicte citationis auctoritate metropolitana emisse coram nobis comparere teneantur, nisi in quantum tangit et tangere potest factum regium, et maxime illi de Cluniacensi
1428 3970 6374 4273 ordine, quos pure et plene reputamus exemptos et etiam judicamus. » Ex quibus premissis omnibus et singulis petiit dictus procurator nominibus quibus supra a me jurato predicto
1422 4070 6426 4372 sibi fieri et dari publicum instrumentum ad memoriam rei geste. Actum et datum die et loco predictis in presencia reverendi patris domini .I. Matisconensis episcopi, domini Symonis de Sancta Cruce decani ejusdem
1422 4165 6302 4451 loci, magistri Jacobi de Cusexo et magistri Petri de Dompnapetra curati de Campo Ferreolo Cabilonensis diocesis, testibus a me jurato predicto vocatis ad premissa sub anno et die predictis.
1467 4250 6345 4514 Expeditum est per me Johannem Marescalli predictum juratum domini officialis Matisconensis sub hoc signo meo solito quod est tale. J. Ma. In cujus visionis testimonium cum nobis constet de premissis per fidelem
1442 4335 6330 4623 relacionem dilecti nostri Johannis de Ruo de Cluniaco presbiteri notarii publici curie nostre jurati cui super hoc et aliis majorem fidem plenariam adhibemus, factam prius per ipsum diligenter collationem de presenti
1424 4422 6286 4712 transumpto seu exemplari ad originale, sigillum curie nostre huic presenti transumpto seu exemplari duximus apponendum. Datum Cluniaci quo ad visionem hujusmodi die septima junii
1412 4518 6322 4812 anno Domini millesimo .cccmo. nonagesimo nono.
2396 4704 5544 4871 Ita est et fuit collatio facta per me Johannem de Ruo de Cluniaco presbiterum notarium publicum et curie dicti domini
2422 4794 5820 4939 judicis Cluniacensis juratum de presenti transumpto seu exemplarii ad originale signo meo solito teste. J. De Ruo.
