6120 7960
724 335 5424 553 Universis presentes litteras inspecturis, frater Bertrandus minister humilis ecclesie Cluniacensis et dicti loci conventus et frater Hugo prior prioratus de Borto Lemovicensis dyocesis et Bernardus
688 441 5420 631 dominus de Turre domicellus salutem. Noveritis quod cum, inter nos abbatem, conventum et priorem predictos nomine dicti prioratus ex parte una et nos dictum dominum de Turre ex altera, discordia, contentio
680 541 5408 723 ac questio verteretur ac fuisset diucius agitata super eo, quod nos dominus de Turre prefatus dicebamus juridicionem omnimodam et justitiam altam et bassam prioratus predicti et omnium pertinentium ejusdem
668 640 5424 818 ad nos plene et insolidum pertinere et ad predecessores nostros pertinuisse ab antiquo nobis, abbate, conventu et priore predictis e contrario assentibus juridictionem et justiciam antedictas ad priorem dicti loci
684 741 5464 915 ratione dicti prioratus plene et insolidum pertinere et pertinuisse ab antiquo ad quoscumque pro tempore dicti loci priores. Tandem inter nos partes predictas grata concordia et compositio amicabilis interve¬
686 843 5382 1021 nit super premissis hoc modo, quod videlicet dictus prior et quicumque im posterum successor eiusdem prior prioratus predicti habeat et exerceat in prioratu et villa de Borto et illis pertinentiis
673 938 5421 1115 ejusdem prioratus que inferius exprimuntur, et que site sunt infra fines et confinationes sequentes : videlicet a ponte sancti Thome prout itur recta via et protenditur ipsa via a dicto
684 1047 5436 1221 ponte retro villam Sancti Thome usque ad vadum de la Saula, et a dicto vado usque ad rivum qui dividit nemus de Peyrot et nemus prioratus de Borto, et a dicto nemore usque ad molendi¬
708 1149 5480 1316 num de Lescluza, et a dicto molendino usque apud Gronghas et usque ad rivum de supra Grangheras et usque ad terras que dividunt terras de Grangiis et prioratus de Borto et terras
718 1255 5462 1416 que sunt de feudo domini de Valle, inclusis infra dictas metas villis sancti Thome, del Bochet, de Vernhanerya et de Grangiis, item et prout protenditur in Lemovicense dyocese a villa
722 1361 5430 1529 de Ribayros usque ad metas que dividunt terras prioratus de Borto et terras militum Podii de Borto, usque ad metas nemoris de Borto siti in dicta dyocese Lemovicense a parte occidentale, inclusis
722 1465 5414 1629 infra dictas metas villis de Raibayrolside, Chosmellis, habeat in qua et exerceat per se vel per alium vel alios perpetuo juridictionem omnimodam et justitiam altam et bassam et merum et
714 1577 5418 1733 mixtum imperium et eisdem utatur plene et libere in terra et rebus pertinentibus ad prioratum predictum salvis que inferius exprimuntur, videlicet quod in predictis prioratu et villa de Bor¬
722 1675 5426 1835 to et aliis villis, mansis, caputmansis, terris, possessionibus superius nominatis et aliis quibuscumque fundis existent ibi infra confinationes predictas abbas Cluniacensis et dominus de Turre communiter perpetuo
732 1771 5392 1915 habeant appellationem et ressortum et ad ipsos et eorum successores appelletur quandocumque a curia temporali dicti prioris appellari vel ressortiri continget a quocumque et in casu quoque a falso judicio
730 1868 5402 2018 vel juris deffectum tantum. Item quod exequtio illorum qui fuerint condempnati per curiam dicti prioratus ad mortem vel menbri mutilationem fiat per dominum de Turre vel eius gentes perpetuo extra
722 1970 5394 2123 confinationes predictas et extra terram prioratus predicti, ita videlicet quod gentes dicti prioratus et die quo fuerit condempnatio aliquis per curiam dicti prioratus ad mortem vel ad menbri mutilationem
730 2068 5388 2225 vel in crastinum dicte diei significent bavilo de Turreria si fuerit presens in castro de Turreria, si autem absens fuerit cellarario vel servienti Turrerie(?), vel in absentia utrorumque persone alii
730 2170 5388 2325 existenti infra castrum predictum, pro sequienti tercia die significationis predicte inter primam et terciam dicte diei tercie veniant vel mittant gentes suas pro recipiendo condempnato predicto
726 2266 5406 2425 tradendo eidem bavilo vel servienti aut cellarario Turrerie vel alii persone habenti certum mandatum ad hoc a dicto bavilo vel serviente vel cellarario predictis, tradendo, inquam, per gentes
734 2369 5360 2521 dicti prioratus in itinere quo iter de Borto apud Turreriam in loco sito inter rivum de Grangiis et molendinum dicte ville de Grangiis, quod est inter dictum iter et aquam Dordonie,
746 2474 5404 2622 qui locus ex pacto expresso et convento in compositione predicta nominatus est et dictus perpetuo ad tradendum condempnatos predictos. Et si contingat bavilum Turrerie(?) vel alios seu unum
736 2577 5362 2723 eis, ut predictum est, non venire dicta die tercia ab hora prime usque ad terciam quod hore spatium expectare tenentur gentes prioris predicti eosdem in loco predicto pro facienda tra¬
743 2677 5331 2827 dictione predicta, et tunc dicta hora elapsa gentes dicti prioratus poterunt condempnatum illum reducere ad carcerem dicti prioratus. Et eadem die debebunt iterato significare apud Turreriam(?) dicto
743 2757 5345 2898 bavilo, vel si absens fuerit, servienti vel cellarario dicti loci vel in eorum absentia alii persone existenti infra castrum predictum, quod in crastinum illius diei ab hora meridiana
714 2878 5336 3023 usque ad nonam quod hore spacium gentes dicti prioratus ad hoc in dicto loco expectare tenentur, veniant vel mittant pro recipiendo condempnato predicto. Et si tunc bavilus
748 2972 5328 3109 Turrerie vel persone ad hoc superius designate vel earum aliqua non venerit ex tunc dictis significationibus re vera prehabitis et dictis horis elapsis, gentes dicti prioratus facere
748 3078 5354 3216 poterunt exequtionem condempnati predicti infra metas predictas, ita quod si dicta exequtio exigat creationem furcarum, possint gentes prioratus ad hoc furcas exigere infra me¬
764 3185 5398 3327 tas predictas et in eis facere exqutionem predictam. Que furche suspenso existente in eis terminis(?) et non ultra poterunt esse at remanere erecte. Ex tunc gentes prioratus
764 3290 5370 3423 eas frangere et diruere tenebuntur et occasione seu pretextu illius creationis furcarum quam in dicto casu tamen et non in alio nisi eodem casu iterum contingente poterunt
770 3392 5302 3525 nec debebunt facere gentes dicti prioratus non sit nec fiat in posterum prejudicium aliquod domno de Turre quod idem prior aliter vel ad casum alium quam predictum est habere possit
780 3506 5372 3630 vel ei liceat furcas erectas infra confinaciones predictas nec dominus de Turre vel ejus gentes mutare poterunt penam impositam condempnato pro curia prioratus, nisi in casu
792 3604 5354 3728 ressorti cuius ressorti cognitio communis erit abbatis et domni predictorum. Item, si domnus de Turre proprietatem aliquam habeat, vel quique alius qui eam teneat ab eodem in dictis
784 3714 5380 3840 locis infra vel extra confinaciones predictas, nichil jure domni juridictionis exercitii vel explecti habebit dictus prior ibidem. Item, quod in villa de Meneto, d'Arbaro, de Co¬
796 3827 5358 3943 etas, de Campis, de Perol, de Sernols, das Ghanghas, de Maranghas, de Chassanhas, de Sacrozoada, et eorum pertinentium et aliis villis, mansis, caputmansis, bordariis, affariis et tenementis,
776 3935 5366 4039 et aliis possessionibus ad prioratum predictum pertinentibus quibuscumque et quecumque et ubicumque sint, et quocumque nomine dici possint et in omnibus pertinentibus premissorum et cuilibet eorumdem et in omnibus et singulis
782 4040 5364 4145 habitatoribus premissorum, dictus prior et eius successores perpetuo utantur omnimoda juridictione temporali exceptis casibus qui sequntur, videlicet in casibus qui requirunt mortem suppli¬
790 4147 5324 4250 cium vel mutilationem menbrorum vel perpetuum exilium vel relegationem quorum casuum et eorum, cujulibet cognitio in dictis locis et eorum quolibet contingentium quandocumque fiet perpetuo per
762 4244 5332 4360 domnum de Turre vel bavilum suum in loco ubi maleficium fuerit perpetratum et exequtio quorumque condempnatorum per curiam dicti domni de Turre in quoque casuum predictorum fiet per gentes
800 4356 5340 4458 ipsius domini extra terram prioratus predicti vel illorum qui eam a dicto priore tenebunt. Item quod tercia pars bonorum mobilium quarumcumque personarum habitantium quandocumque pro tempore in locis predictis vel eorum
804 4454 5324 4560 aliquo condempnatarum in casibus in quibus debent bona committi vel cadere in commissum sit domini de Turre et due partes prioratus et inmobilia sint prioratui, mobilia vero quorumque extraneorum seu fo¬
822 4547 5342 4671 rinsecorum dividantur communiter inter dictos dominum et priorem, ita quod prior habeat medietatem eorum et domnus de Turre aliam medietatem. Item, quod in dictis locis et eorum quolibet appellatio et
736 4655 5350 4777 ressortum quandocumque a curia dicti prioratus in quoque casu appellare vel ressortiri contingat a falso judicio vel juris deffectum pertineat communiter ad abbatem et domnum de Turre predictos et in eis communiter
796 4757 5388 4885 appelletur ad eos, et quod de appellationibus quibusque ad eosdem abbatem et domnum de Turre a curia dicti prioratus emissis certa persona per dictum abbatem et alia certa per dictum domnum de Turre degentes et habitantes
782 4855 5368 4983 infra duas leucas proxime dicto prioratui de Borto constituantur habitantes ab ipsis abbate et domno videlicet persona constituta a constituente eandem postestatem cognoscendi de appellationibus predictis et criandi
790 4962 5394 5085 causas appellationum predictarum et dandi seu constituendi judicem alium communem pro ipsis abbate et domino de Turre super cognitione ac decisione appellationum predictarum, si et quando super dando dicto judice poterint convenire,
792 5064 5356 5197 qui judex datus ab eis eo ipso quod ipsum dederint habeat ab ipsis abbate et domno de Turre potestatem plenariam ad premissa ad que ab ispis concordatum fuerit constitutus et eo casu quo, ut predictum est, concorditer inde
754 5165 5306 5313 dictum dederint aut constituerint potestas eorum quo ad cognitionem et decisionem in quibus ipsum dederint per dacionem ipsam expiret. Que persone a prefatis abbatem et domno de Turre constitute ut judex
776 5257 5376 5423 communis si datus fuerit ut predictum est infra .viii. dies post requisitionem appelantur cuiuslibet ut ejus nuncii assignent diem certam et competentem post ipsos octo dies et locum infra confinationes predictas ad cognoscendum de appellatione
768 5361 5356 5537 predicta. Item, quod dictus dominus de Turre et quicumque successor eiusdem teneant a dicto abbate et successoris suis in feudum in augmentum alterius feudi quod tenent ab ipsa premissa omnia que ratione presente compositionis hunc
760 5477 5380 5647 et habitari sunt, prout continetur in ipsa compositione in prioratu et pertinentibus prioratus predicti de Borto et villis mansis, terris et locis, quibusque pertinentibus ad prioratum predictum. Quam compositionem amica¬
780 5585 5364 5753 bilem nos abbas conventus et prior prefati evidenter cognoscentes nobis et dicto prioratu existere fructuosam ac ex ea nostram et monasterii nostri et prioratus predicti inchorem et locupletiorem
792 5703 5328 5861 effectam certificati plene de jure ipsius domni de Turre et predecessorum suorum antiquo prehabita inquisitione super hec diligenti et in capitulo nostro inter nos super hiis habito communi et concordi et tractatu laudamus
784 5807 5332 5984 et approbamus eandem et omnia premissa expresse. Nosque prefatus Bernardus dominus de Turre compositionem ipsam et premissa omnia laudamus, ratificamus et approbamus certiorati prius de jure dicti prioratus et delibera¬
800 5894 5336 6079 to super hiis consilio cum amicis notris. Et renunciantes nos dicte partes et nostrum quelibet in hoc facto actioni et exceptioni doli et in factum et indebiti et sine causa restitutionis in integrum et videlicet officio
776 5998 5328 6178 et omni consuetudine et usagio et omni jure canonico et civili nobis competenti seu competituro et juri dicenti quod juri quod nundum competit renunciare non potest. Nosque abbas conventus et prior
780 6118 5312 6288 prefati cuicumque juri alienationem rei ecclesiastice prohibenti et nos dictus dominus de Turre beneficio minoris etatis et nostrum quilibet juri dicenti generalem renunciationem non valere nisi super
800 6210 5348 6393 expressis, volentes omnis et singulas renunciationes pro expressim specificatione haberi. Promittimus nos dicti abbas et conventus bona fide, nosque dictus prior ad hoc hoc[sic] ab eisdem abbate et conventu
792 6312 5332 6494 specialiter funditus constitutus pro nobis et in animas eorumdem abbatis et conventus et nostram et nos dictus dominus de Turre juramus super sancta Domini ewangelia manu tacta attendere et servare permissa et quolibet
812 6425 5300 6593 eorumdem et qua premissorum aliquo per nos vel per alium non venire nec fecisse aliquod nec facturos, quominus [pro quatenus] premissa obtineant robur plenum. Nosque contra hec vel horum aliquod non usuri aliquo privilegio, gratia,
780 6531 5308 6701 indulgencia rescripto seu statuto a quoque principe vel persona alia, facto seu faciendo, indulto seu indulgendo, cuiusque forme, tenore seu virtute existat sub forma ea que
804 6621 5332 6813 de bonis in maiori vel minori forma vel alia quaque. In quorum testimonium nos abbas conventus prior et dominus de Turre predicti sigillis nostris presentes litteras roboramus una cum sigil¬
796 6725 5252 6926 lo nobis domine de Turre. Nos quoque Beatrix de Olerguio domina de Turre premissis omnibus et singulis consencientes expresse sigillum nostrum presentibus litteris duximus apponendum. Datum
808 6835 3026 7063 die veneris ante festum beate Marie Magdalene, anno Domini millesimo tricentesimo secundo.
