7676 5191
1460 1020 6560 1200 Urbanus episcopus servus servorum Dei dilectis filiis abbati et conventui monasterii Cluniacensis Matisconensis diocesis salutem et apostolicam benedictionem. Sacrum vestrum Cluniacensem ordinem tanquam divini¬
1132 1158 6584 1346 tus institutum et superni roris benedictione perfusum cujus suavitatis odorem sub ipsius professionis observantia degustavimus hactenus inter ceteras orbis religiones mentis nostre oculis intuentes libenter opem et operam
1198 1279 6586 1463 adhibemus per quam in solita sue religionis honestate permaneat et sublatis quibuslibet indigentiis per nostre provisionis studium spiritualiter et temporaliter augeatur. Cum itaque dudum felicis recordationis Johannes papa .xxii.
1194 1417 6570 1609 predecessor noster tempore quo construi fecit papale palatium in loco Pontissorgie Avenionensis diocesis pro subsidio et majori commoditate constructionis hujusmodi ecclesiam Beate Marie de Belvedere dicte diocesis tunc prioratum
1144 1548 6568 1746 a vestro monasterio dependentem de quo idem monasterium certam percipiebat annuam pensionem ecclesie Romane immediate subjecerit fructus redditus et proventus ipsius camere apostolice applicando. Nos dignum et congruum ar¬
1140 1682 6568 1873 bitrantes ut in recompensationem aliquam premissorum sedis apostolice providentia se vobis exibeat liberalem ac etiam attendentes quod vos aliique monachi dicti ordinis quos pro diversis negotiis oportet sepius curiam romanam adire
1131 1809 6548 1988 in qua locum proprium non habetis ad diversa secularium personarum hospitia etiam publica declinatis in quibus trahitis moram ad tempus cum magnis sumptibus et expensis et quod gravius et periculosius est non sine
1136 1933 6567 2114 debite honestatis et regularis observancie lesione. Et propterea vobis et eidem ordini super hiis providere volentes palatium seu domum per quondam Hugonem de Baucio comitem Avelini dudum, nomine clare memorie
1136 2064 6552 2254 Ludovici regis et carissime in Christo filie nostre Johanne regine Sicilie illustris, dum idem Hugo senescallie officium pro eisdem rege et regina in provincia Provincie exerceret fundatum atque constructum in parro¬
1156 2191 6542 2383 chia sancti Desiderii Avenionensis situatum ad nos et eandem ecclesiam pertinens pleno jure et cum curti orto ac omnibus pertinentiis et coherentiis suis quorum confinia inferius describuntur ab omni proprietate ac dominio
1160 2322 6576 2514 Romane ecclesie et ab omni servitute ac assignatione cujuscunque librate venerabilium fratrum nostrorum ejusdem ecclesie cardinalium et quorumlibet aliorum sub infra scripto tamen servitio seu censu auctoritate apostolica penitus exi¬
1150 2452 6584 2644 mentes prefatum palatium cum curti orto pertinentiis et coherentiis antedictis vobis et eidem ordini vestro eadem auctoritate ac de apostolice potestatis plenitudine tenore presentium in perpetuum concedimus, tradi¬
1160 2592 6568 2774 mus et donamus. Ita quod ex nunc liceat vobis et successoribus vestris abbatibus et conventui dicti monasterii vestri prefatum palatium ingredi illudque cum curti orto pertinentiis et coherentiis predictis habitare atque
1166 2720 6640 2900 tenere et de illis pro usu et habitatione vestra ac eorumdem successorum vestrorum disponere et pro voluntatis libito ordinare. Volumus autem quod in recognitionem superioris dominii et donationis hujusmodi duodecim denarios monete
1158 2842 6628 3028 currentis anno quolibet in festo videlicet nativitatis Domini pro censu seu servitio dicte apostolice camere persolvatis quodque de certis pecuniarum summis quas dilectus filius Vannellus Raynerii de Luca civis Avinionensis
1152 2986 6650 3166 titulo venditionis territorii seu fundi super quo dictum palatium pro aliqua sui parte constructum existit ac etiam quarumdam domorum eidem palatio coherentium a nostra et dicte Sedis Camera se asserit debere
1166 3108 6656 3298 recipere dicto Vannello de vestris pecuniis nomine dicte camere satisfacere procuretis aut alias secum super his prout melius poteritis concordetis. Confinia vero de quibus supra fit mentio ista sunt. A primo
1154 3234 6638 3423 videlicet muri antiqui civitatis Avinionensis aqua Sorgie in medio. A secundo versus orientem hospitium et orti Majeti Macellarii nomine uxoris sue et Gaufredi Esquicha Macellarii. A tertio orti dicti Gaufridi ac
1154 3377 6640 3534 Raymundi Marmeti et Johannis Vergerii et Colini Redonis ac Henrici Sabatterii et Petri Giraudi ac Jacobi Bucquerii. A quarto vero versus occidentem virgultum heredum quondam Johannis de Aura et curtis ac
1162 3488 6640 3636 ortus Jacobi de Nioms et carreria seu via publica qua tenditur ad muros novos dicte civitatis et hospitium dicti Jacobi de Nioms et alia hospitia videlicet Michaelis de Montilioademari, Johannis de Vlmo presbyteri ac Johan¬
1170 3612 6599 3767 nete Calamelle et hospitium quod fuit quondam Dulcie Pergamenerie. Nulli ergo omnino hominum liceat hanc paginam nostre exemptionis concessionis traditionis donationis et voluntatis infringere vel ei
1164 3731 6597 3906 ausu temerario contraire. Si quis autem hoc attemptare presumpserit indignationem omnipotentis Dei et beatorum Petri et Pauli apostolorum ejus se noverit incursurum. Datum Avinioni
1170 3864 6634 4045 .xvi. kalendas Aprilis, pontificatus nostri anno primo.
6260 4350 6692 4446 Johannes de Florentia[sur le repli]
6974 4130 7426 4294 Visa est et expediatur[sur le repli].
