7692 5191
412 933 7472 1090 Nos Hugo Forcis de Edua Junior, clericus burgensis Balne tenentes sigillum [commune regium in bai]llivia Matisconense constitutum, notum facimus universis presentes litteras inspecturis, cum dilectus noster Bartholomeus de Cabilone auctoritate regia publicus notarius juratusque domini nostri regis et noster ad hoc et majora a nobis deputatus nobis retulit
422 1019 7434 1184 per suum juramentum se vidisse, tenuisse et imspecxisse ac de verbo ad verbum legisse quasdem litteras nostras sigillo regio sigillatas non viciatas, non rasas, non corruptas, non abolitas, non cancellatas, nec in aliqua sui parte suspectas, sed omni vicio prosrus et suspectione carentes ut prima facie apparebat formam que sequitur continentes. Nos Hugo
426 1090 7455 1244 Forcis burgensis Eduensis Junior, tenentes sigillum commune regium in baillivia Matisconense constitutum, notum facimus universis presentes litteras inspecturis quod, cum Guiotus de Matiscono et Guillermus de Marcignaco quondam notarii regii receperint quondem contractum seu composicionem et tractatum dudum factum et inhitum inter illustrem principem dominum Johannem
425 1164 7402 1329 quondam comitem Armigniaci et Kadrelleni seu ejus procuratorem, ex una parte, et reverendum patrem in Christo dominum Symonem quondam abbatem Cluniacensem ex altera, de et super garda superioritateque et ressorto decanatus de Paredo et pertinentiis ejusdem ac quorumdem aliorum debatorum tunc motorum inter ipsos quondam dominos, comitem et abbatem, ipsique notarii
421 1239 7354 1411 contractum seu concordiam et tractatum hujusmodi in notam conscripserint et registraverint ipsamque notulam morte preventi grossare et in formam publicam reddigere nequiverint. Et propter hoc prefatus dominus abbas obtinuerit a viro nobili et potenti domino Kariados de Quesnes milite, domino de Saresviller cambellano domini nostri regis,
428 1317 7447 1479 ejusque baillivo Matisconense et senescallo Lugduni quasdem litteras diretas Mileto de Marcignaco [et Andree] de Carlato clericis auctoritate regia publicis notariis de et pro grossando et in formam publiquam reddigendo notulam, contractum et concordiam predictam, quarum litterarum tenor talis est. Kariados des Quesnes, dominus de Saresviller cambella¬
425 1386 7408 1553 nus domini nostri regis ejusque baillivius Matisconensis et senescallus Lugdunensis dilectis nostris Mileto de Marcigniaco et Andree de Carlato clericis auctoritate regia publicis notariis et curie nostre juratis salutem. Cum Guiotus de Matiscone et Guillermus de Marcigniaco quondam notarii regii inter ceteros contractus et instrumenta per ipsos receptos
438 1461 7332 1638 et expeditos reciperint diu est quendem tractatum seu contractum factum et inhitum inter illustrem baronem dominum Johannem quondam comitem Armigniaci et Kadrellen. seu Johannem de Marcigniaco quondam procuratorem suum, ex una parte, et reverendum patrem in Christo dominum Symonem pro tunc abbatem Cluniacensem, ex altera, de
433 1531 7396 1721 et super garda superioritateque et ressorto decanatus de Paredo et pertinentium suarum certisque aliis querelis, controversiis et debatis pro tunc motis inter ipsas partes, ipsique notarii dictum tractatum seu contractum et accordum in notam redigerint nec eam morte preventi grossare potuerint. Hinc est quod ad requestam venerabilium religiosorum vi¬
450 1612 7443 1795 rorum dominorum abbatis et conventus Cluniacensis dicentium quod dicta notula que in papiro extitit registrata propter ipsius plicationem et vestutatem in pluribus ipsius partibus est corupta possetque propter ipsius debilitate perire nisi reddigeretur in formam publicam vobis de quorum probitate et diligentia conscidimus[pro confidimus], in hac parte,
425 1678 7446 1870 tenore presentium comictendo mandamus, quatinus dictam notulam juxta ipsius essentiam grossetis in formam publicam, reddigatis facti sustenciam non mutatam eamque partibus quarum intererit reddatis pro salario moderato. Datum Matisconi, sub sigillo curie nostre, die .xii°. aprilis, anno Domini millesimo .cccmo. nonagesimo
416 1748 7468 1952 sexto per dominum baillivum J. Gracerii. Hinc est quod prenominati Miletus et Andreas notarii et commissarii nobis retulerunt se vidisse, tenuisse et in hanc formam publicam redegisse notulam tractatus et concordie hujusmodi signatam signis manualibus propriis ipsorum Guioti de Matiscone et Guillermi de Marcigniaco, quondam
408 1811 7392 2042 notariorum, ut apparebat prima facie, cujus quidem notule tenor sequitur in hec verba. Noverint universi quod, cum questio seu controversia jam diu mota fuisset, inter religiosos priores et conventum de Paredo ex una parte et dominum comitem Kadrellen. ex altera, super eo, quod idem dominus Kadrellen. dicebat et proponebat monasterium seu
395 1883 7412 2114 prioratum de Paredo fuisse et esse fundatum per comitem Cabilonensem tunc dominum terre et baronie Kadrellen., quodque a tempore fondacionis predicte dominus comes Cabilonensis et sui successores fuerant in possessione et saisina garde et ressorti ac superioritatis ejusdem prioratus et pertinentiarum ejusdem et quibusdem aliis juribus percipiendis et
407 1965 7416 2187 levandis in terra dicti prioratus, et de dictis garda, ressorto, superioritate et aliis usi fuerant a tempore fundacionis predicte paciffice et quiete, sine contradictione quacumque, quousque quidem prior dicti prioratus Henricus nomine impedimentum apposuit seu apponi fecit et procuravit per gentes regias in dictis saisina et possessione adeo quod ac pre¬
420 2059 7350 2267 dicti inpedimenti prefatus dominus Kadrellensis qui pro tempore erat et etiam successores sui predictis garda, ressorto et superioritate et eorum exerciciis(?) fuerunt penitus impediti gentibus regiis exerceri predictam gardam, ressortum et superioritatem quequidem terra Kadrellense que erat de comitatu Cabilonense obvenerat Roberto duci Bur¬
409 2131 7394 2346 gondie et sunt tradicta domine Beatrici nepti dicti ducis Roberti, uxoris domini Roberti comitis de Claromonte pro partagio seu portione que dicta domna dicebat se habere cum dicto duce Roberto quodquidem partagium fuit per dominum nostrum regem Philippum, prout canetur in litteris sigillo dicti domini nostri regis in cera viridi sigillato, in quibus litteris canetur
418 2211 7394 2431 quod dicta terra Kadrellensis eidem domine fuit tradicta in baronia et comitatu una cum garda prioratus de Paredo alias de Pareyo et de Parreciaco cum pluribus aliis rebus et feodis in dictis litteris comprehensis et quod tempore impedimenti edicti appositi per gentes regias in premissis habitatores ville de Paredo contradicerint quantum poterint dicto impe¬
421 2289 7378 2495 dimento, asserentes ipsos esse et fuisse ab antiquo de garda, ressorto et superioritate inmediate dicti domini Kadrellense, prout continetur in quodem instrumento sigillo regio in Matisconense baillivia sigillato. Quare dicebat magnificus et potens dominus, dominus Johannes, comes Armigniaci et dominus predicte terre Kadrellensis ob causam domine Bea¬
416 2368 7376 2573 tricis de Claromonte uxoris sue, seu ejus procurator, impedimentum fuisse et esse oppositum in dictis ressorto, garda et superioritate indebite et injuste, requisivit que requiri fecit pluries predictus dominus comes, reverendum in Christo patrem dominum Symonem abbatem Cluniacensem et predecessores suos, ad quod seu quem jure per unionem sedis
396 2432 7386 2654 appostolice pertinet dictus locus de Paredo cum suis pertinentiis dictum impedimentum in predictis rebus appositum procuraret amoveri et permitteret ipsum dominum comitem uti juribus suis predictis cum eciam quidem [?]atus licenter bene placito ac assenssu domini nostri regis [prius obtenire suum super] h[os] habitus inter predictum
393 2507 7410 2736 dominum comitem Kadrellensem ex una parte et reverendissimum in Christo patrem dominum Androinum tunc abbatem Cluniacensem, nunc sancte Romane ecclesie cardinalem, seu probos viros aut conmissarios electos a partibus supradictis. Tandem informato dicto domino abbate de fundacione facta per dictum dominum comitem Cabilonensem
385 2571 7384 2821 de prioratu predicto et de contentu litteris et instrumento predictis eciam quod dominus Kadrellensis pro tempore erat, fuerat ab antiquo in possessione garde, ressorti et superioritatis predictorum, visis diligenter et inspectis pluribus tractatibus factis et habitis per predictum dominum tunc abbatem predecessorem suum et specialiter
375 2644 7358 2886 per dictos probos viros et conmissarios electos per eundem ex una parte et gentes dicti domini Kadrallensis ex altera parte. Quem tractatum in capitulo toto conventu ecclesie Cluniacensis ad sonum campane ut moris est convocato, dicti domini abbas et conventus die septimo mensis junii anno Domini .m.ccc.lxii(?). in dicto capitulo presentes
421 2714 7358 2949 et propter hoc convocati. Et discretus vir Johannes de Martigniaco clericus procurator et procuratorio nomine dicti domini Kadrellensis dictum tractatum factum de et super premissis voluntate bene placito et consensu dicti domini nostri regis in omnibus reservatis et premitus obtentis legi fecerunt publice in pleno capitulo in modum
389 2807 7390 3034 qui sequitur et in formam. Primo, quod dictus prioratus seu decanatus de Paredo cum menbris et pertinentiis ejusdem erit et remanebit perpetuo de garda, ressorto et superioritate dicti domini Kadrellensis et successorum suorum sine prejudicio garda domini nostri regis. Et habebit dictus prioratus seu decanatus de Paredo cum
416 2885 7382 3108 tota terra menbris et pertinentiis suis tantummodo ressortui in villa Kadrellense et coram dicto domino Kadrellense seu ejus baillivo vel locumtenente genalibus eorumdem et non coram quocumque alio judice vel conmissario dicti domini Kadrellensis, Qui quidem dominus Kadrellensis et ejus successores tenebuntur deffendere, juvare et confortare ecclesiam de Paredo
406 2955 7394 3184 et homines dicte ecclesie et eligentur domino servientes et non plures per dictum dominum Kadrellensem seu ejus baillivum qui poterunt in terra dicti prioratus seu decanatus de Paredo officiare seu officium servientis exercere in casibus superioritatis et resorti nec poterunt in dicta terra officiare seu officium servientis exercere nisi habeant conmissionem in
415 3045 7398 3260 qua factum contineatur pro quo habebunt officiare concernentem causam superioritatis seu ressorti [ejus?] natam a dicto domino seu baillivo suo Cadrellense nec locumtenente eorundem preterquam in casu celeritatis. Quos quidem servientes seu officiarios predictus dominus seu baillivius ejusdem Kadrellensis poterit amonere et alium seu alios ibidem
406 3127 7382 3342 instituere prout sibi videbitur expedire omnes que cause dictorum religiosorum coram dicto domino Kadrellense seu baillivo suo seu locumtenente eorundem tractando tractabuntur firmando et de plano sive rigore et prout justicia sua debit et non debebit procurator dicti domini Kadrellensis procurare nomine prosequi seu petitionem facere coram dicto
409 3198 7374 3403 domino Kadrellense seu baillivo suo aut locumtenentia eorumdem contra subdictos dicte ecclesie de Paredo nisi prius prestito juramento a dicto procuratore si super hoc fuerit requisitus quod sufficenter fuerit informatus super eo super quo prosequi voluerit dictos subdictos. Item, quod dictus dominus Kadrellensis qui pro tempore erit non poterit nec debebit imponere
405 3278 7382 3499 levare in dicta terra de Paredo aliquod subsidium, barragium, servicium, questam aut aliam imposicionem ab hominibus dicte ecclesie de Paredo nec ipsos homines justiciabiles dicte ecclesie compellere etiam ad mutuum faciendum ad excubandum nec deveniendum ad eundam dicti domini nec de eundo ad exercitum ejusdem nec capere poterit de
387 3353 7342 3580 facto bona mobilia dicte ecclesie de Paredo nec hominum ejusdem pro convertendo bona predicta in usus suos nec aliqua in dicta terra exigere nisi illa que dicti domini ab antiquo in dicta exigere consuerit et levare, videlicet pedagiam de Paredo et de Cholono et blada redditualia debita dicto domino Kadrellensi ab hominibus de Lesche¬
378 3428 7395 3664 nelles et de Rueriis, qui quidem pedadia et blada levabuntur – prout levari consueverit per gentes dicti domini Kadrellensis, salvis et retentis eidem domino Kadrellensi et successoribus suis garda, ressorto et superioritati predictis curie juribus eorundem. Item, quod subdicti quicumque dicti domini Kadrellensis gravamine dictos religiosos de
381 3494 7369 3740 Paredo seu homines eorundem in aliquo dictus dominus seu ejus ballivius vel eorum locumtenentem tenebuntur ad instantiam dictorum religiosorum aut hominum suorum qui fuerint gravati evocare coram ipso illos qui ipsos gravaverint et tenebuntur compellere eosdem ad redendum perhemptorie(?) querelis dictorum gravatorum et
400 3566 7338 3808 inquirere, firmare veritatem et de eisdem facere justitie complementum alias poterunt dicti sit gravati propter deffectum justitie apellare nec poterunt dicti domini Kadrellensis neque dicti religiosi habere nec de novo acquirere unus contra alium aliqua jura in futuram occasione cujuscumque possessionis exorcende preterque illa que superius
390 3631 7306 3879 sunt divisa et per compositionem hujusmodi concordiam seu tractatum super omnibus accionibus, querellis, controversiis que poterunt moneri temporibus retroactis occasione dictorum garde, ressorti et superioritatis eidem domino et successoribus suis in dicta ecclesia de Paredo et pertineri suis garda, ressorto et superioritate predictis
402 3719 7318 3951 et aliis superius expressatis nec poterunt etiam dicti domini Kadrellensis qui pro tempore erunt aliquem de hominibus dicte ecclesie recipere in advoyatione nec decanus de Paredo aliquem de hominibus dicti domini Kadrellensis in advoyationem simili modo recipere. Et tenebuntur dicti domini Kadrellensis in novitate eorundem et ipsorum baillam
376 3789 7322 4036 prestare juramentum tenere inviolabiliter premissa et contra non venire licenter voluntate consensu bene placito et assensu dicti domini nostri regis in omnibus reservatis et premitus obtentis. Quo tractatu lecto in dicto capitulo dicti domini abbas et conventus de facto suo ad plenum certifficatum ipsum tractatum et omnia contenta in
413 3869 7314 4107 eodem, prout superius fuit narrata, laudaverunt, ratifficaverunt, approbaverunt, laudant, ratifficant, approbant, et etiam procurator dicti domini Kadrellensis retentur ut prius consensu bene placito et licentia dicti domini nostri regis. Acta fuerunt hec in predicto capitulo monasterii Cluniacensis, anno et die quibus supra,
406 3952 7372 4196 presentibus nobilibus viris dominis Johanne de Pura(?) domino de Forgiis, Guillermo Sacheti militibus, Guillermo la Roque domicello, et discretis viris magistris Johanne de Onbreyo et Stephano de Moleins, testibus ad premissa vocatis. G. Mat. G. de Marcignaco. In quorum omni robur et testimonium cum nobis constet de premissis per fidelem
408 4037 7396 4273 relationem dicti Mileti et Andree notariorum et conmissorum, quibus et eorum quibus fidem plenariam adhibemus sigillum commune regium predictum huic presenti publico instrumento duximus apponendum. Actum et datum quoad hujusmodi grossare die octavo septembris, anno Domini millesimo .ccc°. nonagesimo septimo. Ego Miletus de
397 4093 7354 4339 Marcignaco clericus notarius regius una cum Andrea de Carlato etiam notario regio, ad hec commissarii et deputati per dictum baillivum Matisconensem, predicta vidimus, convertimus in notula superius declarata signis dictorum notariorum signatum et ipsa hanc formam redegimus ac signis nostris manualibus signavimus auctoritate et mandato nobis per dictum
406 4182 7388 4402 dominum baillivum facto. Mileto de Marcignaco. Ego etiam dictus Andreas de Carlato clericus auctoritate regis publicus notarius et commissarius una cum dicto Mileto de Marcignaco ad grossandum predictam notulam signis suis manuali dictorum Guioti de Matiscono et Guillermi de Marcignaco notariorum regiorum signatam deputatam factam sua diligentia collationem de ipsa
403 4289 6044 4457 originali notula ad presens publicum instrumentum signum meum manuale solitum eidem instrumento presenti apposui requisitum. A. de Carlato + de cetera questio seu querela valeat inter partes, salvis et retentis. Datum ut supra. J. de Cabilone.
5474 4385 6904 4491 Expedita est per me Bartholomem de Cabilone notarium et juratum predictum
5528 4454 6957 4540 sub hoc signo meo manuali consueto facta per me colla¬
5518 4534 7078 4594 tione de dictis litteris originiablibus super conscriptis visis sanis et inte¬
5532 4604 6142 4653 gris prout superius est dictum.
