5191 7004
280 600 4870 753 Nos, Johannes Fourcodi, jurisperitus domini nostri Francorum regis clericus tenentes sigillum commune regium in baillivia Matisconense constitutum, notum facimus universis presentibus
152 694 4830 853 et futuris presentes litteras inspecturis et audituris quod, coram Johanne de Ponte de Amberta, clerico notario auctoritate regia publico ad hoc a regia magestate specialiter deputato
158 778 4866 958 propter hec que sequitur, personaliter constitutus et nobilis et discretus vir dominus Stephanus de Grangia, miles dicti domini nostri Francorum regis consiliarius presidensque in suo
152 867 4915 1064 parlamento regio Parisiense, sciens, prudens et spontaneus, non vi, non dolo, nec metu ad hoc inductus nec ab aliquo in aliquo, ut asserit, circumventus nec deceptus sed ex mera
158 956 4886 1145 et spontanea voluntate sua confitetur et asserit se debere bene et legitime et se tenere, reddere et solvere et ab antiquo predecessores suos a quibus causam habet debuisse priora¬
176 1052 4902 1243 tui de Amberta Cluniacensis ordinis Lugdunensis diocesis religioso et honesto viro fratro Stephano Tachonis priore dicti prioratus presente, stipulante et recipiente nomine et ad opus dicti sui prioratus
162 1167 4895 1346 census et redditus infrascriptos ad usus et consuetudines terre et parrochie de Amberta de et super rebus inferius per dictum dominum Stephanum confirmatis et declaratis. Quas
156 1271 4946 1438 res confitetur et asserit dictus miles tenere perpetuo et ab antiquo fuisse de servitio et censiva predicti prioratus de Amberta ad predictos usus et consuetudines. Et primo tres denarios
158 1364 4844 1533 fortes et unam quartam avene super muris domorum suarum et turre sitarum in villa de Amberta juxta terminum Alemant ex una parte et iter tendentem de dicto prioratu ad dictum
146 1456 4864 1635 terminum ex parte alia et domos Guillelmi Alarande ex parte altera. Item decem denarios fortes super vinea vocata Gilbert sita juxta vineas dicti militis ex una parte et vineas heredum
146 1552 4902 1745 Alemant ex parte altera. Item sex denarios fortes super vinea de la Perella sita juxta vinea heredum Rochon ex una parte et vineas dicti militis ex parte altera. Item octo denerios fortes
160 1655 4828 1851 super vinea de Segnia sita juxta dictam vineam de la Perella ex una parte et vineam dicti militis ex parte altera. Item sex denarios fortes super vinea Cheruyn sita juxta iter tendentem
166 1744 4908 1937 de Trosito ad Sanctum Hadundum ex una parte et vineas ipsius militis ex parte altera. Item duos denarios fortes unam quartam avene pro terra de les Plantes sita juxta tenementum
146 1836 4818 2033 del Chisel ex una parte et prata de Praseyron ex parte altera. Item duos denarios Viennensium super vinea que fuit Baudet sita juxta iter quo itur de Amberta ad domos as
162 1936 4882 2141 Palniers ex una parte et vineam dicti militis ex parte altera. Item octo solidos Vienenses unam quartam avene pro vineis que fuerunt dicto Goterlo sitis juxta vineas Johannis de
154 2027 4794 2244 Menat ex una parte et vineas dicti militis ex parte altera. Item duodecim denarios fortes unam eminam avene et unam gallinam super domo sua de Grangia cum terris, pratis,
164 2126 4951 2334 pascuis, nemoribus, fossatis, stamnis, ripperis et aliis pertinentiis ad dictam domum de Grangia pertinentis et pertinere consuetis. Et etiam super terra de Rosselleres que res [sita]
161 2224 4906 2440 sunt juxta iter quo itur de Pitra ad nemus de Pressiaco ex una parte et tenementes as Vaillens ex parte alia et terras as Maignans ex parte altera. Item sex denarios fortes
190 2320 4843 2537 super prato de Rosselleres sito juxta prata et terras dicti militis hinc et inde. Item duos denarios fortes super terra et verneto del Vignal sitis juxta prata et terras de
194 2396 4907 2640 Humineto ex una parte et terras ipsius militis ex parte altera. Item tres denarios fortes pro rebus et verneto que fuerunt as Vaillens sitis juxta terras de Humineto ex una parte
186 2484 4870 2730 et tenementum as Vaillens ex parte altera. Item quatuor denarios fortes pro prato suo clauso sito in ripperia de Calto juxta iter tendum de Bornat apud Ambertam ex una parte.
210 2592 4870 2833 Item tres solidos fortes et unum sestarium siliginis super terra de Rauleres et prato das Egneys sitis juxta iter tendum de Petra ad nemus de Pressiaco ex una parte et terras
202 2698 4870 2932 dicti militis ex parte alia, et prata illorum de Genuperia et de petra ex parte altera. Item quatuor denarios fortes super prato acquisito ab illis de Segina sito inter prata
206 2812 4840 3012 ipsius militis das Egneys. Item tres solidos parvos pro terris, pratis et rebus quas habuit das Maignans sitis inter terras et prata ipsius militis ex pluribus
208 2900 4826 3113 partibus et prata de Calte ex parte altera et prata de Humineto ex parte altera. Item decem denarios Viennensium super quadam terra que fuit condam Johannis de Segina sita versus ulmum
208 3008 4780 3209 juxta terras Guillelmi Meynart ex duabus partibus et vineam Johannis Royit ex parte altera. Item sex denarios fortes super vinea sua de Clauso que fuit Alise Vaillent
218 3124 4874 3300 juxta vineam Johannis Lonclo ex una parte et vineas heredum Marchandon ex parte altera. Cum ipsorum rerum superius confirmatarum juribus, introitibus, exitibus, pertinentibus et appendiciis
218 3222 4834 3390 universis quibuscumque. Promittens dictus miles coram dicto notario regio per juramentum suum super sancta Dei evangelia corporaliter prestitum et sub ypotecha et obligatione dictarum rerum
226 3319 4858 3482 superius confirmata et omnium aliorum bonorum suorum mobilium et immobilium presentum et futurorum quorumcunque predicta omnia universa et singula tenere, attendere, facere et complere,
222 3415 4894 3580 et contra predicta vel aliquid de predictis per se vel per alium clam vel palam in judicio vel extra modo aliquo de cetero non venire nec contravenire volente in aliquo
240 3519 4744 3690 consentire jure aliquo vel aliqua ratione. Et etiam dictos census et reddittus pecunie bladorum ad mensuram de Amberta gallenia prout supra continetur pro se et suis
250 3617 4756 3790 successoribus imperpetuum anno quolibet perpetuo circa festum beati Martini yemalis dicto prioratui reddere et solvere una etiam cum omnibus dampnis interesse constamentis missis et
238 3702 4848 3887 expensis que et quas dictus dominus prior vel sui successores aut eorum certum mandatum dixerint se fecisse aut sustinuisse occasione dictorum censuum et reddituum termino prefato
250 3800 4842 3983 non solutorum Et super ipsis dampnis missis et expensis stare et credere simplici juramento ipsius domini prioris aut suorum successorum vel eorum certi mandati sive aliqua
266 3906 4838 4092 alia probatione super hoc minime facienda nec requerenda. Supponens se et suos et omnia bona sua et suorum quantumque dictus miles coram dicto dicto notario regio juridica
258 3994 4848 4194 cohertioni et compulsioni domini nostri Francorum regis ejusque baillivi Matisconensis et omnium aliorum officiorum regium et coram curie nostre et illius qui pro tempore dictum sigillum comune
254 4088 4838 4291 regium custodiet et tenebit pro premissis omnibus universis et singulis tenendis, attendis, reddendis et solvendis et perpetuo et inviolabili observandis juribus
270 4208 4826 4391 et statutis privilegiis papalibus et regalibus impetratis vel impetrandis in contrarium non obstantibus quibuscumque. Renuntiens autem dictus miles coram dicto
284 4294 4786 4495 notario regio in hoc facto ex certa scientia sub jure et obligatione premissis exceptioni dictarum confessionum, recognitionum, promissionum, obligationum et suppositionum, ut dictum est,
298 4386 4758 4596 non factarum, et dictorum censuum et reddituum ex causa predicta non debitorum et [non] confessatorum et omnium aliorum predictorum non ita et legitime, ut dictum est,
302 4468 4833 4684 actorum, doli, mali, metus et in factum condicioni sive causa vel ex [injusta] causa, et juri dicenti supponens(?) se aliene juridictioni ante litem contestatam posse penitere,
310 4572 4830 4791 et juri dicenti confessionem extra judicium seu coram non suo judice factam non [valere], et juri dicenti contractus(?) rescindi(?) posse quando(?) apparet contrahent.(?) ultra dimidium
314 4670 4787 4901 seu in aliquo fore(?) lesi(?), et omni legi et juri per que deceptis in [contractibus] subvenitur et generaliter omnibus aliis exceptionis, deffensis, barris, cautelis,
326 4767 4792 4998 cavillationibus et allegationibus juris et facti que contra presentem litteram seu ejus tenorem obire posserit vel opponi, aut ipsam litteram seu contenta in
322 4859 4806 5094 eadem in aliquo infringere aut aliter adnullare quoquomodo, petitioni et oblationi libelli, litis contestationi, copie presentium et transcripto, et omni juri
342 4958 4830 5189 scripto et non scripto, canonico, consuetudinario et civili juri quod dicente generalem renuntiationem non valere nisi precesserit specialis. Volens et percipiens dictus
338 5058 4774 5297 miles, coram dicto notario regio, quod de et super premissis omnibus universis et singulis fiant habere, dictentur et ordinentur semel, secundo et pluries,
342 5150 4849 5402 grossate vel non grossate, sigillate vel non sigillate, postquam in judicio fuerint exhibite vel ostense ad dictamen et consilium sapientium juris peritorum,
358 5241 4830 5496 totiens quotiens fuerit necessarius seu opportunum, facti tamen substantia in aliquo non mutata. In quorum omnium premissorum robur et testimonium
346 5343 4826 5600 ad preces et requisitionem dicti militis nobis pro ipso oblatas per dictum notarium regium cui super hoc fidem plenariam adhibemus sigillum comune regium
362 5439 4816 5712 predictum presentibus litteris duximus apponendum. Datum et actum in dicto prioratu de Amberta sexta die mensis octobris, anno Domini millesimo .cccmo.
350 5558 4824 5809 octuagesimo quarto, testibus presentibus fratre Falcone de Palatio monacho et sacrista dicti prioratus, domino Humberto Alarande curato Sancti Habundi castri domino
370 5668 3850 5909 Guillelmo Tachonis curato de Amberta et Hugone Dessart ad premissa vocatis et requisitis. Expeditum est per me notarium regium
2928 5750 4680 5891 predictum, sub hoc signo meo. De Ponte.
