6120 7464
2346 2859 5194 3009 Nos, Bernardus de Valle, sacrista Belliioci, tenentes sigillum commu¬
2360 2984 5150 3113 ne domni regis Francie in ballivia Matisconense constitutum, notum facimus universis presentes
2362 3098 5166 3221 litteras inspecturis quod, in presentia mandati nostri videlicet Stephani dicti bailli de Matiscono
2356 3205 5154 3333 clerici jurati dicti domni regis et nostri et ad hec a nobis specialiter deputati et testium subscriptorum
2352 3312 5122 3433 ad hoc specialiter vocatorum et rogatorum, anno et die infra scriptis, propter personaliter constituti
2340 3418 5152 3549 Aymo Ronati, Petrus Chanueti, Guillelmus Copini, Petrus Lupi, Stephanus de Manisia¬
2348 3525 5146 3651 co, Dyonisius de Burziaco, Guillelmus de Donziaco, Stephanus Groaz, Petrus de Aziaco,
2334 3637 5150 3757 Johannes Quarrelli, et Galterus Preco burgenses et habitatores ville Cluniacensis ac procuratores quorumdam alio¬
2348 3747 5130 3871 rum burgensium et habitatorum dicte ville, quorum nomina continenta in quodam procuratorio signato
2358 3849 5140 3981 signo magistri Stephani Bermondi clerici auctoritate apostolica publici notarii, ut prima facie
2348 3957 5170 4083 apparet sua spontanea et voluntate venerunt in capitulo Cluniacense hora prima consueta domno
2360 4068 5170 4205 abbati et conventui Cluniacensi ad capitulandum ibidem, ubi reverendus in Christo pater ac domnus H., divi¬
2336 4177 5158 4305 na permissione abbas Clunicensis, totusque conventus ejusdem loci erant in capitulo in simul con¬
2346 4285 5162 4417 gregati canpana pulsata. Qui procuratores amoventes de capitibus suis caputia su¬
2358 4392 5130 4532 a, flexis genibus junctisque manibus, humiliter et devote et capitibus inclinatis, coram domno
2360 4505 5122 4630 abbate et toto conventu predictis, tam pro se quam nomine procuratorum predictorum indicto procuratorio conten¬
2358 4611 5098 4737 torum petierunt veniam sibi dari et benigniter indulgeri a domno abbate et conventu predictis
2350 4725 5094 4844 de commissis ominibus per eosdem contra ipsos. Qui domus abbas et conventus predicti, zelo misericor¬
2350 4829 5158 4951 die et pietatis commoti etiam et inducti, dictos burgenses pro se et nomine procuratorum aliorum indicto
2358 4931 5182 5053 procuratorio contentorum tanquam homines suos favore benivolo prosequentes eisdem omnibus
2374 5076 5114 5196 omnia contra ipsos commissa misericorditer indulserunt : veniamque de omnibus commissis
2368 5176 5142 5284 hylariter concesserunt. Acta fuerunt hec in presentia dicti jurati domni regis et nostri anno
2384 5276 5152 5387 Domini millesimo .ccc°. nono, die sabbati post translationem beati Nicholay in capitulo supra dicto,
2374 5386 5134 5473 presentibus religiosis viris domino Guillelmo Dalmacii camerario et Bernardo de Cornalou
2392 5487 5136 5566 cano[ni]cis sancti Petri Matisconensis, et Guio[ne]to Julioti et pluribus aliis ad hoc vocatis testibus
2384 5589 5176 5670 specialiter et rogatis. In cujus rei testimonium et robur perpetue firmitatis ad instantiam
2372 5685 5104 5773 et preces dictorum procuratorum nobis oblatas pro ipsis per dictum juratum nostrum cui super hiis et aliis
2360 5755 5094 5885 fidem plenariam adhibemus presentibus litteris sigillum commune domni regis predictum duximus
2376 5891 4022 5981 apponendum. Datum anno et die supradictis.
2554 5986 5154 6080 Ita fuit actum in mei presentia Stephani balli testibus predictis presentibus sub hoc sig¬
2522 6095 3606 6163 no meo vocatus et rogatus.
