5191 6844
216 2806 4896 3007 Nos, frater Jacobus miseratione divina Cluniacensis ecclesie minister humilis, notum facimus universis presentes litteras inspecturis quod cum Guillelmus de Perreciaco clericus burgensis noster de Paredo et Perro¬
276 2912 4906 3105 neta, ejus uxor, de mandato et auctoritate dicti mariti sui, vendiderunt pro se et suis Bartholomeo de Cuseriaco clerico burgense nostro Paredi et Guillelmete ejus uxori et suis, imperpetuum quoddam
284 3010 4862 3203 furnum suum situm in villa Paredi in vico de Forgiis et quoddam nemus dictum seu vocatum Borracet plenius in nostris aliis litteris quibus hee presentes sunt annexate confirmata precio quinqua¬
266 3096 4906 3293 ginta duorum francorum boni auri et legitimi ponderis eisdem solutorum. Et post dictam vendicionem Johannes de Aqua clericus burgensis nostrer de Paredo se fortem fecerit predictis emptoribus quod quo¬
292 3172 4882 3381 tiens dicti venditores habere vellent res predictas per ipsos venditores a data dictarum litterarum hic annexatarum usque ad proximum festum Penthecoste quod easdem res eisdem venditoribus
308 3280 4922 3473 tradere et reddere et rehabere faceret pro reddendo et solvendo dictis emptoribus quinquaguinta francos boni auri et legitimi ponderis, prout hec in dictis aliis nostris litteris hic annexatis plenius
312 3380 4934 3567 continentur. Hinc est quod anno Domini millesimo .cccmo. septuagesimo ottavo die sabbati in vigilia dicti festi Penthecoste, in presencia domini Stephani Peyseti presbiteri curati Sancti Gengulfi Eduensis diocesis
324 3464 4906 3653 coadjutoris Johannis Bugnoux notarii et tabellionis in domo et curia nostris de Paredo et ad hoc et majora deputati, presentibus Hugone Leporis notario regio, domino Stephano Peyseci presbitero curato Sancti Eugendi
324 3548 4878 3739 Petro de Mongronaul, Johanne de Lussat et pluribus aliis testis ad imfrascripta vocatis et rogatis, propter hoc personaliter constituti prefati venditores et Bartholomeus, petierunt dicti venditores a
344 3660 4892 3829 dicto Bartholomeo reemptionem et redditionem dictorum furni et nemoris per ipsos sibi Bartholomeo et ejus uxore ut permittitur venditoribus percontando ei domini Bartholomeo quinquaginta francos boni
332 3752 4922 3922 auri et legitimi ponderis. Qui dominus Bartholomeus agnoscens bonam fidem de sua spontannea voluntate eisdem Guillelmo et Perronete conjugiis dictas res reddidit et remisit et dictam summam
338 3836 4894 3994 auri recepit et de ea se pro soluto et pro pagato tenuit, et de ipsis rebus se devestivit et eosdem conjugios investivit per tradicionem prothocolli presentium litterarum. Quibus sic
358 3916 4938 4087 actis in eadem juris instantiam annoque et die predictis et presentibus testis predictis ac dicto Bartholomeo de Cuseriaco, in presentia dicti coadjutori personaliter constituti predicto Guillelmo de Perreciaco et Perroneta
358 4022 4900 4191 ejus uxore, de mandato auctoritate, licentia et consensu dicti mariti sui ipsam expressi autorizantis, non vi, non dolo nec metu vendiderunt, tradiderunt, cesserunt et concesserunt et penitus quitta¬
368 4114 4936 4283 verunt pro se et suis venerabile et religioso viro domino Stephano Tachorus(?) priori de Marcigniaco majorique decano de Paredo pro se et nomine sue private persone et ab ipso causam habentibus seu habituris
384 4214 4826 4369 in futuro predictum furnum de Forgiis in villa predicta situatum ac dictum nemus dictum seu vocatum nemus Borracet in prefatis aliis litteris nostris hic annexatis confirmata,
392 4298 4942 4463 videlicet pro precio quinquaginta quinque francorum boni auri et justi ponderis dictis conjugiis solutorum in presencia coadjutori et testium predictorum, devestientes se dicti venditores coram dicto coadjutore
372 4408 4930 4551 de rebus sic venditis et dictum emptorem presentem et recipientem pro se et suis investitum et in possessionem induxerunt nichil juris possessionem retinendi. Promittentes dicti venditores prout
380 4504 4902 4655 quemlibet tangit coram dicto coadjuratore per juramenta sua super sancta Dei evangelia et sub obligatione omnium bonorum suorum mobilium et inmobilium, presentium et futurorum, quam predictam non venire ymo,
406 4596 4950 4739 predicta tenere et garentire dicto emptori et suis suis[sic] propriis missis ac expensis. Renuntiantes dicti venditores in hoc facto ex sua certa scientia omni actioni et exceptioni fori, doli, mali, metus
408 4682 4934 4833 et in factum accioni exceptionique premissis modo predicto non scriptorum deceptioni ultra dimidium rei ita non geste condicioni sive causa vel ex injusticia causa petitioni et oblationi libelli, litis concestationi, omni juri
402 4788 4974 4929 in favore mulierum introduto, omni juri scripto et non scripto canonico, consuetudinali et civili jurique dicente generalem renuncitionem non valere. In cujus rei testimonium ad preces dictorum
367 4865 4975 5017 venditorum sigillum nostrum quo utimur in dicta domo nostra de Paredo litteras presentes duximus apponendum. Datum et actum anno et die predictis et presentibus testis supradictis ad premissa vocatis et rogatis [tanquam datum ut supra. Ita est Steph. Peysei]
