7676 5191
1172 668 6910 887 Nos, Gerardus Boisseti burgensis ville Martigniaco, tenentes sigillum commune domini nostri Francorum regis in baillivia Matisconense constitutum, et nos, officialis Matisconensis, notum facimus universis tam presentibus quam futuris has presentes litteras inspecturis et audituris
1163 758 6900 953 quod, cum debatum questioque et controversia mote essent seu verti et moveri speraretur inter reverendum in Christo patrem et dominum, dominum Jacobum, abbatem Cluniacensem ad causam et racione domus seu decanatus de Maleto, Matisconensis diocesis, ex una parte et virum nobilem,
1132 830 6876 1019 dominum Jacobum de Sancto Germano, dominum de Hussellis, militem, pro se et ad causam sui castri de Hussellis dicte Matisconensis diocesis ex parte altera, videlicet de et super alta magnaque justicia et interdicione atque blaeria et emolumentis blaerie quas et que utraque pars predicta
1024 928 6916 1102 dicebat et asserebat se habere et ad se pertinere in hominibus, mansis et tenementis moventibus situatisque et existentibus in villis, villagiis et territoriis quorum nomina subsequntur. Primo in villa de Bissiaco subtus Husselas in Jocerando la Cruce, Johanne Tondu, Stephano
1026 1012 6887 1173 de Jou alias Jeudi, Bartholomeo Raverii, Colino Thome, Johanne Preti et Hugonino Calloci dicti ville Bissiaci habitatoribus ac in manso seu tenemento Johannis quondam filii Perrelli Tondii qui mansus seu tementum esse dignoscitur et movere de directo dominio et censiva
1042 1072 6902 1232 predicti decanatus de Maleto. Item et in villagio de Cortremblein, scilicet in Dyonisio de Campis et Hugoneto de Campis, Johanneque Margoti, Guillelmo Mexeti ad causam et manso uxoris sue nec non et Odeto de Campis ac Michaele de Beleynie atque Johanne cognominato
1050 1154 6878 1293 La Penche. Item et in villa de Ogiaco, in Guioneto Mayeti et Benedicto Verdinii. Item etiam in villagio de Suygnes, in Gerardo Raveti et ejus liberis. In quibus hominibus eorumque tenementis et aliis etiam tenementis et possessionibus quibuscumque in dictis villis et villagiis atque
1054 1237 6908 1366 territoriis et finagiis ipsorum locorum et infra metas lapideas a parte Hussellarum quorumcumque sunt moventibus et existentibus in et de proprietate sive directo dominio et censiva decanatus predicti de Maleto dicebat. Item dominus abbas se habere ad causam dicte sue ecclesie et decanatus
1049 1310 6923 1449 predicti de mensa sua existentis et habere debere omnimodam juridictionem altam scilicet mediam et bassam, et ad se dictosque ecclesiam et decanatum pertinere et pertinuisse ab antiquo. Et hoc idem in mansis et tenementis vacantibus de presenti in villis et villagiis de Columberiis, de Ogiaco
1060 1385 6915 1517 et de Champagniaco moventibus et existentis de dominio et censiva predictis, prefato domino Jacobo, domino de Hussellis, contrario dicente, videlicet quod in omnibus et singulis hominibus superius nominatis tenementisque et possessionibus eorum dicebat et asserebat se habere medietatem totius
1066 1462 6917 1593 juridicionis alte, videlicet in emendis sexaginta solidorum Turonensium et ultra. Dicebat eciam idem miles quod blaeria h[?]que et emolumenta quecumque ad blaeriam pertinencia seu ex blaeria provenencia in omnibus et singulis terris et possessionibus dictorum hominum et aliorum condicionis ipsorum in dictis
1074 1549 6954 1671 villis et villagiis manencium et situatis ad ipsum militem pertinent pertinueruntque ab antiquo et pertinere noscuntur atque debent in solidum et esse sua dictumque dominum abbatem nullam justitiam habere in predictis locis de Columberiis et de Champagniaco neque in domo sive tene¬
1074 1643 6952 1753 mento Regnaudi Berthoudi nec eciam in villagio de Suygnes nisi dumtaxat in predictis Gerardo Ravetii ejusque liberis et tenemento eorumdem que domus sive tenementum situatum esse dicitur in condemina vel terra que ibidem situatur movente de censiva
1074 1731 6900 1831 predicte ecclesie Cluniacensis, in qua domo prefatus dominus abbas habet dumtaxat bassam sive parvam juridictionem memorate enim domino abbate plura ex adverso replicante. Et super hiis alterquato hinc et inde dicte partes volentes jus utriusque partis in et
1082 1818 6920 1917 super premissis declare et declaratum et si pa[cu]m alterum ab altero imperpetuum manere et litibus ac discordiis que inter ipsis partes super premissis verti et oriri possent obviare, constituti propterea que sequuntur agenda et expedienda personaliter,
1074 1900 6912 1993 coram Dyonisio de Rivo clerico auctoritate regia publico notario et Petro Maconis curie officialatus Matisconensis etiam tabellione et jurato et ad hoc specialiter deputatis, prenominati dominus abbas pro se suoque et dictorum ecclesie Cluniacensis et
1069 1993 6925 2074 decanatus de Maleto suorum nomine, ex parte una, et dominus Jacobus dominus de Hussellis etiam pro se ex parte altera, qui inquam domini abbas et miles scientes et spontanei de factoque et jure eorumdem et ipsorum cujuslibet atque dictorum ecclesie et
1074 2073 6938 2152 decanatus ad plenum certiorati sicut dicunt pro bono que pacis et concordie transhegerunt de et super premissis per viam permutacionis seu escambii et ad invicem ac mutuo consensu utriusque eorumdem concordaverunt in modum sequentem et in forma,
1078 2153 6924 2234 videlicet quod omnis blaeria et omnia jura et emolumenta a et de blaeria quomodolibet perveniencia in futurum et omnis juridictio bassa, media et alta et aliud quodcumque jus quod et quas seu que prefatus dominus de Hussellis racione et ad causam sui castri
1090 2230 6832 2316 Hussellarium vel aliter quomodolibet habebat habereque poterat et debebat aut sui predecessores hactenus habuerunt ac sibi competebant et debebant seu poterant quomodolibet competi et deberi in hominibus superius nominatis tenementisque et rebus atque
1094 2306 6932 2382 possessionibus eorumdem ac eciam in aliis hominibus dictorum ecclesie et decanatus terrisque et possessionibus quibuscumque situatis et existentibus infra metas lapideas ibidem positas et infixas a parte Husselarium tam sint et moveant de proprietate
1086 2383 6920 2474 sive de utili quam de directo dominio et censiva dictorum ecclesie et decanatus de Maleto vel pro quibus debetur dicto decanatui aliqua pars sive quota seu tachia fructuum excrescencium in eisdem necnon et in domibus, mansis et possessionibus dictorum
1086 2465 6984 2549 locorum vacantibus et aliis existentibus de dominio et censiva predictis ipsorum ecclesie et decanatus, in quibus dictus dominus Husselarum pretendebat se habere medietatem alte jurisdictionis prout de aliis est [superius enarratum] causa permutationis sive escambii
1083 2547 6941 2647 atque transactionis et concordie hujusmodi ad dictum dominum abbatem presentem et solenniter stipulantem acceptantemque et recipientem et ad suos successores ac ecclesiam et decanatum predictos ex nunc in futurum transferit et remittit et perpetuo
1084 2614 7025 2722 [in] puro et franco allodio remanebunt et erunt a cetero ecclesie cum omni mero mixtoque imperio eorumdem, salvis expresse remissione reservationeque et retencione subsenquentibus, videlicet quod prefatus dominus abbas pro se et suis successoribus in premissorum
1098 2680 6987 2775 omni compensacionem et permutationem nomineque et ex causa permutacionis seu escambii atque transactionis tradit, deliberat, remittit et concedit predicto domino Jacobo domino de Hussellis presenti et acceptanti et suis heredibus et successoribus im perpetuum
1088 2748 6986 2855 totam et omnimodam juridictionem et aliud quodcumque jus quod et quam idem dominus abbas ad causam ecclesie et decanatus predictorum habebat et habere poterat et debebat et ad ipsos ecclesiam et decanatum pertinebant et pertinerunt ab antiquo
1106 2827 6953 2939 in domibus mansisque terris et possessionibus prenominati Renaudi Berthodi aliorumque omnium habitancium de Columberiis et de Champagniaco, retentis tamen atque salvis ipsis domino abbati ecclesie et decanatui condeminis et fructis
1095 2890 6917 3023 seu censibus suis et juribus ex dictis serviciis proventibus ab antiquo consuetis cum omni juridictione necnon et pro centum auri francis [per] dictum dominum abbatem unacum predictis ultimo scriptis et in augmentacionem eorumdem ac ex causa
1068 2966 6949 3110 permutacionis et transactionis predictarum dicto militi datis, traditis, solutis et realiter in presencia dictorum notariorum et testium subscriptorum numeratis et per ipsum militem habitis et receptis et ipsos centum auri francos confitetur dictus
1091 3034 6987 3198 miles et publice recognoscit se habuisse et recepisse a dicto domino abbate presente et hujusmodi confessionem pro se et suis successoribus acceptante et recipiente et de ipsis centum francis auri contentatur dictus miles ac de eisdem dictum dominum
1076 3107 6970 3269 abbatem suosque successores quictat, liberat penitus et absoluit. Faciens pactum dictus miles prefato domino abbati pro se et suis successoribus solenne et expressum de non petendo ulterius dictos centum francos nec aliquid aliud occasione
1108 3171 6986 3337 eorumdem in futurum. Promictentes dicti dominus abbas et dominus Jacobus et ipsorum quilibet quantum eum tangit bona fide dictas res ad invicem permutatas alter ipsorum alteri garantire, et specialiter dictus dominus Jacobus dominus Huisselarum
1108 3240 6991 3411 pro se et suis et per juramentum suum super sancta Dei evangelia coram dictis notariis et juratis corporaliter prestitutm, necnon et sub speciali et expressa obligatione omnium et singulorum bonorum atque castri suorum quorumcumque presentium et futurorum dictas blaeriam jura¬
1093 3318 6967 3483 que et emolumenta ad ipsam pertinentiam atque jurisdictionem altam et omnimodam in hominibus domibusque et mansis atque terris et possessionibus superius declaratis et prout supra est expressum per ipsum militem dicto domino abbati ex causa permutacionis et transactionis traditas et
1107 3378 7025 3556 concessas in et de puro et franco allodio garantire perpetuo et deffendere suis propriis missionibus et expensis contra omnes omniaque universa et singula premissa tenere et inviolabiliter observare et se contra premissa vel aliquod de premissis per se vel alium non venire
1096 3454 6972 3640 nec alicui contravenire volenti in aliquo consentire in futurum, se et dictum castrum suum et omnia alia bona sua dictus miles per juramentum suum prefato domino abbati ejusque successoribus ac ecclesie et decanatui predictis et pro evictionis periculo nichilominus
1096 3538 6972 3725 obligando. Et se etiam dictus miles heredesque et omnia bona sua atque castrum predictum per juramentum suum coram dictis notariis interdictioni cohercioni et compulsioni dicti domini nostri regis suorumque officialium quorumcumque atque curie bailliviatus Matisconi et
1136 3601 6948 3807 nostre officialatus Matisconensis predicti cujuslibet earumdem quo ad observanciam et firmam actendentiam omnium et singulorum premissorum. Renunciat insuper hoc facto et ex certa scientia dictus miles pro seque et suis et per juramentum suum coram dictis
1128 3673 6938 3884 notariis omni actioni et exceptioni, deceptioni, lesioni rei ita non geste omniumque et singulorum premissorum non ita seu rite et legitime factorum et non habitorum et in factum excepcionibus doli, vis, mali, metus, condicioni sine causa vel ex
1126 3747 6960 3944 injusta causa restitucionis in integrum beneficio omni appelacionis remedio dicte quod auri sume seu non habere seu ex causa predicta non recepte seu per [?] mandacionis, habitionis et receptionis omnibusque et singulis privilegiis inte¬
1116 3800 6946 4023 griisque et rescriptis papalibus, regiis et ducalibus concessis et concedendis impetratis et impetrandis contra premissa vel aliquod premissorum peticioni et oblacioni libelli litis contestationi et omni juri canonico et consuetudinario et civili
1136 3871 6966 4104 per que seu quod dictus miles vel sui possent juvare ad veniendum contra premissa vel aliquod de premissis et per que contractus initi rescindantur vel possint rescindi quando apparet alteram partem in contractu fore lesam juri eciam dicenti gene¬
1128 3955 6986 4190 ralem et recunciacionem non valere nisi quantum fuerit expressa. In quorum omnium et singulorum premissorum robur, fidem et testimonium ad preces et requisicionem dictarum parcium nobis per ipsis oblatas per dictos notarios quibus super hiis et majoribus
1136 4032 6958 4266 fidem indubiam adhibemus. Cum nobis constet de premissis per fidelem relacionem dictorum notariorum nos, cancellarius predictus, sigillum commune predictum una cum sigillo curie dicti officialis Matisconensis et nos, officialis Matisconensis, sigillum
1128 4096 6992 4356 curie nostre unacum sigillo communi regio predicto litteris presentibus consimilibus et ad requestam dictarum partium dupplicatis duximus apponenda. Acta fuerunt hec in castro de Lurduno dicte Matisconensis diocesis et data die martis post festum beatorum
1128 4166 6950 4437 apostolorum Petri et Pauli anno domini millesimo trecentesimo octuagesimo, presentibus discretis viris dominis Archaudo de Hussellis, Symone Baldonis, curato de Cota, presbiteris, Jaquemeredo de la Caulerie, et pluribus aliis fide dignis pro testibus ad
1128 4432 1900 4517 premissa vocatis et requisitis.
2588 4374 3428 4452 Expeditum est per me Dyonisium de Rivo clericum
2544 4448 3380 4536 notarium regium unacum Petro Maconis notario
2536 4524 3352 4615 predicto signo meo magno solito teste.
3464 4654 3732 4719 Dy. de Rivo.
5794 4340 6536 4415 Expeditum est per me Petrum notarium et
5814 4417 6548 4478 juratum predictum una cum dicto Dyonisio
5810 4487 6502 4552 notario regio, sub hoc signo meo.
