5191 5235
314 520 4646 655 Nos, frater Andreas de Bletterens, humilis archidiaconus Cluniacensis, notum facimus universis presentes litteras inspecturis quod, anno Domini millesimo tricentesimo sexagesimo,
180 608 4686 727 die tertia mensis octobris, ad supplicacionem et requestam parentum et amicorum domini Gaillardi Racleti presbiteri nuper deffuncti nobis factas ut nos testes qui interfue¬
218 699 4670 792 runt testamento nuncupativo seu ultime voluntati nuncupative dicti deffuncti coram nobis vocaremus eos quod prius receptos, ab ipsis juramentis examinaremus
232 789 4674 870 attestaciones et dicta eorumdem super dicta ultima voluntate nuncupativa in formam publicam ad perpetuam rei memoriam reddigi faceremus, ne pretextu temporis
218 863 4680 940 ipsam ultimam voluntatem contingeret deperiri. Nos vero ad quam tam de jure quam consuetudine in villa Cluniacensi diutius observatas appactiones et publicas
228 942 4638 1027 presbitorum in villa Cluniacensi decedencium dignoscuntur pertinere, testes qui dicte ultime voluntati presentes fuerunt [voc]ari coram nobis fecimus et vocare, videlicet dominos Johannem
223 1030 4666 1107 Karrelh, Bernardum Vaillandi, Hugonem Ruffin, Johannem de Mosteriis, Michaelem de Bannis, Johannem de Chesantiart, presbiteros, Perronetum dictum Carrez et Johannem
242 1079 4677 1194 dou Cilley, nec non et parentes et amicos, parentes et amicos dicti deffuncti et alios quorum [???] et qui sua [???] qui testes coram nobis
244 1153 4694 1272 in judicio personaliter constituti juraverunt ad sancta Dei ewangelia tacto libro super dicto testamento nuncupativo seu ultima voluntate dicti deffuncti se vo¬
244 1230 4702 1353 catos et rogatos fuisse a dicto testatore in bona et [sana mente?] constituto unacum Perroneto Caprarii [???] deffuncto [???] quod fuisse, vidisse et audivisse quod dictus
251 1317 4712 1435 testator compos mentis sue predictam suam ultimam voluntatem nuncupativam fecit ordinavit(?), prout [???]quam dudum cedula papiro coram nobis, ipsis testibus, parentibus
244 1404 4732 1514 et amicis p[resenti]s deffuncti presentata palam et publice coram nobis in judicio in gallico composito continebatur. Cujus quidem cedule, quam hanc formam publicam re¬
254 1479 4690 1599 degi fecimus ad perpetuam memoriam rei geste, tenor de verbo ad verbum sequitur in hac verba. + Anno Domini millesimo .cccmo. sexagesimo, die prima mensis octobris,
250 1550 4726 1681 dominus Gaillardus Racleti presbiter disponit, ordinat et testamentum suum nuncupativum facit in hunc modum. Item primis animam suam suo altisimo Creatori et sepulturam
246 1628 4718 1777 suam eligit in cimiterio ecclesie Beati Marcelli, supra tumulum matris sue et curato dicte ecclesie jure sue sepulture tres solidos Turonenses semel vult dari. Item vicario dicte ecclesie decem
250 1702 4734 1859 et otto denarios Turonenses semel. Item clerico dicte ecclesie sex denarios semel. Item vult legi psalterium per duodecim clericos et cuilibet legenti dimidium grossum vult dari. Item vult fieri luminare
239 1777 4773 1945 suum de quatuor libris cere semel. Item cuilibet presbitero qui sue intererit sepulture celebranti in dicta ecclesia Beati Marcelli die qua sepelietur duodecim denarios Turonenses fortes,
256 1862 4774 2027 aliis vero non celebrantibus et sue sepulture presentibus cuilibet quatuor Turonenses fortes vult dari. Item vult fieri annuale suum qualibet die a die obitus sui usque ad unum annum.
252 1939 4718 2106 Item vult fieri anniversarium suum, patris et matris suorum in dicta ecclesia Beati Marcelli [ann]o quolibet perpetuo et predicto anniversario ut supra faciendo quatuor solidos Turonenses censuales
260 2012 4726 2184 curato et sociis presbiteris ecclesie Beati Marcelli obligat vineam de la Croysete sitam juxta vineam Bartholomi Mulini. Item vult celebrari in dicta ecclesia beati Marcelli tres
251 2079 4697 2264 centum missas per curatum et socios dicte ecclesie, et cuilibet celebranti promissa qualibet sex denarios Turonenses fortes vult dari. Item misse matitunali in ecclesia Beati Marcelli Cluniaci constitute
260 2166 4742 2353 duos solidos Turonenses censuales, pro quibus duobus solidis Turonensibus censualibus dicte ecclesie obligat domum suam sitam juxta domum Regnaudi de Eduo et juxta alium domum dicti presbiteri. Item fabrice
258 2238 4698 2439 ecclesie Beati Marcelli tres solidos bonorum parvorum Turonenses fortes. Item [festiv]ali Beati Marcelli quatuor bona linteamina semel. Item festa Sancti Lazarii prope Cluniaco duo bona linteamina semel.
250 2315 4738 2537 Item lampadi ardenti ante altare beate Marie Magdalene in ecclesia beati Marcelli duos pichiletos olei semel. Item lampadi ardenti ante mayus altare unum pichiletum
270 2385 4746 2613 olei semel. Item lampadi vocato verte gallice unum pichiletum olei semel. Item lampadi ardenti ante ymaginem beate Marie ad introitum capelle duos pichiletos olei semel. Item
272 2450 4738 2693 vult fieri infra duos annos a die obitus sui computandi unam donam in villa Cluniacense publice proclamatam et cuilibet pauperi ad donam affluenti unum bonum turonensem parvum vul dari. Item vult
288 2537 4732 2765 et ordinat quod socii presbiteri ecclesie beati Marcelli Cluniacensis die obitus sui in domo sua habeant plenam refectionem. Item Stephanete uxori Roberti [Lonpignie?] quedum ferra ad facendum gaufras
284 2615 4674 2839 dat etc. Item Alisie uxori Thome dicti le Bourgeis pro servicio per ipsam dicto testatori impenso curtile suum ficum extra portam prati Guitonis juxta curtile Bartholomei et Regnaudi de Edua
280 2690 4726 2923 et juxta curtile Symonete relicte Robini l'Echiençon dat etc. Item Symonete uxori Regaudi de Edua consanguinee sue carissime dimidium florenum semel. Item Symonete relicte Oddoneti Pi¬
274 2776 4714 3001 trot consanguinee sue carissime unum florenum semel. Item Johanni filio Thome le Bourgeis meliorem suam vestam, unam caceam et unam patellam in elemosina vult dari. Item residuo
292 2848 4766 3073 omnium bonorum suorum Perronetam uxorem Johannis de Usiaco consaguineam suam carissimam heredem suam universalem instituit pleno jure. Item tamen quod debita sua soluat elemosina
272 2924 4726 3163 et legata clamores quod suos pacificet et emendet. Item facit executores suos dominum Johannem Carrelli presbiterum et Guillelmum Pelliparii et eorum quelibet in solidum, dans eisdem
300 3001 4758 3235 et cuilibet eorum in solidum plenam generalem et [liberam] potestatem ac mandatum speciale omnia bona sua statim post obitum suum auctoritate sua propria intrandi ipsaque ven¬
304 3071 4718 3305 dendi, distrahendi et alienandi pro hac sua ultima voluntate plenarie exequendi et dicto domino Johanni pro pena et labore suis unum florenum semel vult dari. Item dicto
298 3146 4784 3383 Guillelmo Pelliparii unum florenum in quo asserit dictum Guillelmum sibi ex mutuo teneri pro pena sua vult dari. Hanc autem suam ultimam voluntatem omni alia renotata
296 3219 4734 3459 vult valore etc. Testes sunt domini Johannes Karrelli, Bernardus Vaillandi, Hugo Ruffin, Johannes de Mosteriis, Michael de Bannis, Johannes de Chesantiart, presbiteri, Perronetus
300 3290 4766 3533 Carrez et Johannes du Cilloy et P. Caprarii. Nos vero archidiaconus predictus, volens dictum testamentum seu ultimam voluntatem nuncupativam prefati domini Gaillardi testatoris vim
308 3362 4754 3617 et robur publicationis publici instrumenti et publicati testamenti optinere et habere, facta prius diligenta collatione de presenti publicatione
316 3437 4708 3691 ad originale ipsius testamenti nuncupativi seu ultime voluntati nuncupative predictorum, rite et legitime ut suprafactum et publicatum, sigillum curie nostre
304 3515 4738 3771 huic presenti publicationi seu instrumento publico poni fecimus et muneri ad perpetuam memoriam rei geste in testimonium veritatis auctoritatemque manum
308 3594 4754 3849 et decretum dicte presenti publicationi interponentes. Qua publicatione ut prefertur facta, dicta Perroneta heres prefati testatoris dictam hereditatem acceptavit et adhivit prout
300 3672 4734 3932 in dicto testamento nuncupativo seu ultima voluntate nuncupativa continetur et habetur. Et nos archidiaconus predictus in quantum de jure possumus et debemus possessionem
296 3756 4766 4006 dictorum bonorum predicti testatoris predicte Perronete heredi tradimus, cedimus et concedimus per presentes [eidem]que heredi missas possessionis dictorum bonorum dicti textatoris
280 3840 4786 4073 declaramus fore verum(?) que quidem heres ipsa in judicio coram nobis constituta promisit per juramentum suum super sanctas Dei ewangelias corporaliter prefata contenta
308 3914 4778 4139 in dicto testamento seu ultima voluntate nuncupativa facere et adimplere posse suo et sub obligacione omnium bonorum suorum mobilium et inmobilium quorumque
320 3991 4788 4232 ac eciam omnia alia universa et singula facere et adimplere que in talibus debent et possunt secundum jura et consuetudinem fieri et adimpleri. Dicti vero executores
316 4067 4774 4300 scripti in dicto testamento nuncupativo seu ultima voluntate sua nuncupativa cujus dicte executionis prout in testamento predicto nuncupativo seu ultima
314 4145 4790 4380 voluntate nuncupativa continetur et quilibet eorumdem ad se susceperunt prout et secundum quod dictus testator in predicto suo testamento nuncupativo seu in ultima
328 4237 4778 4470 sua voluntate fecit et ordinavit seu legavit. Et promiserunt per jura sua coram nobis super sancta Dei ewangelia ab ipsis propter hoc corporaliter prestita prefatam executionem
316 4313 4806 4542 dicti testatoris ut prefatur factam et prout superius est declaratum facere et complere suo posse et prout superius dictum est. Datum die et anno et presentibus testibus quibus supra.
3728 4470 4630 4598 Ita est. : Ja. Chenterus
