6120 7464
580 2610 5620 2781 Nos, Bernardus de Valle, sacrista Belliioci, tenentes sigillum commune domni regis in ballivia Matisconense pro eodem constitutum, no¬
540 2739 5640 2912 tum facimus universis presentes litteras inspecturis quod constituti coram mandato nostro, videlicet Stephano dicto bailli de Matiscono clerico jurato domni regis et nostro et
548 2866 5618 3027 ad hoc a nobis specialiter deputato, Guillelmus de Aula domicellus prepositus ville Cluniacensis et Perroneta ejus uxor cui dictus Guillelmus actoritatem, licentiam
528 2992 5604 3147 et mandatum specialiter prestitit, et insuper expresse concensum quantum ad omnia subsequantia facienda, coram dicto mandato nostro, predicti conjuges, scientes, prudentes et spon¬
552 3122 5656 3266 tanei, non vi, non dolo nec metu induti, confitentur et in veritate publice recognoscunt se tenere et predecessores suos, a quibus tamen habent, tenuisse
560 3250 5618 3382 ab antiquo in feudum a reverendo in Christo patre domno Henrico divina permissione abbati Cluniacense et ejusdem loci conventu res et bona que secuntur : videlicet
540 3367 5578 3510 nemus del Rapilliat cum garenna sita juxta dictum nemus, situm juxta garennam Symonete de Berziaco domicelle et juxta vineam predictorum conjugum, prout dictum
538 3491 5602 3632 nemus et garenna protenduntur a denta del Rapilliat usque ad villam de Choysyas et prout partitur in longitudine et latitudine cum garenna dicte Symonete.
556 3620 5648 3765 Item vineas suas sitas el Rapillat, juxta nemus suum predictum et juxta vineas Humberti de Corsant domicelli ex parte una, et juxta vineas Guichardi Gacin ex
544 3752 5678 3893 altera. Item prata sua sita versus Sagonem qui appellantur prata de Brolio. Item quod essarta sua sita juxta dicta prata ex parte una et juxta prata Symonete de Berziaco
556 3884 5646 4029 domicelle ex altera. Item quicquid habent, habere possunt et debent in toto nemore dicto des Murez, videlicet in octo partibus ut asserunt tres partes quod quidem nemus
552 4014 5670 4157 situm est juxta praeriam de Sancto Albano et juxta prata predicte Symonete. Item preposituram et clamaturam seu criam ville Cluniacensis cum omnibus juribus et pertinentiis ac emo¬
552 4155 5630 4279 lumentis suis et quicquid habent, habere possunt et debent seu requirere, quoquomodo, quacumque ratione siu causa, infra metes et fines tocius ville Clunicensis, prout in quibusdam
536 4283 5646 4405 litteris super hiis confectis dicitur plenius contineri. Et de predictis omnibus predictus Guillelmus de Sala domicellus tam nomine suo quam nomine uxoris sue jubentis
536 4411 5654 4534 et precipientis feci predicto domno abbati Cluniacensi tam nomine suo et ecclesie Cluniacensis, coram dicto mandato nostro, homagium et fidelitatem, ut moris est et consuetum est facere in
540 4549 5654 4661 talibus. Permittentes dicti conjuges et uterque eorum per juramenta sua super sancta Dei evangelia coram dicto mandato nostro prestita et sub obligatione omnium bonorum suorum,
550 4671 5616 4771 mobilium et immobilium, dotalium ac parafarnalium quorumcumque ac etiam per stipulationem sollempnem, se contra premissa vel aliquid de premissis subsequantibus, per se vel per alium,
542 4800 5644 4897 verbo vel facto ope consilio vel assensu de cetero non venire in judicio vel extra tacite vel expresse aliquo ingenio sive arte neque aliqua ratione, immo premissa
546 4928 5654 5029 universa et singula supradicta penitus et perpetuo rata et grata habere, tenere, attendere et firmiter observare. Renuntiantes per juramenta sua coram dicto mandato nostro
558 5068 5672 5167 dicti conjuges in hoc facto omni actioni et exceptioni premissorum omni modo predicto vel rite aut legitime non factorum totiusque deceptionis, circumventionis et fraudis, jurique
542 5204 5632 5305 dicenti recognitionem factam extra judicium non valere omni implorationi officii judicis cujuscumque et omnibus privilegis et statutis a sede apostolica vel quocumque prin¬
558 5334 5668 5439 cipe ratione crucis assumpte vel assumende seu ex alia quacumque de causa indultis seu indulgendis et concessis seu etiam concedendis, beneficio Velleyani et dotalibus privilegiis,
568 5472 5676 5581 petitioni et oblationi libelli, litis contestationi et copie presentium litterarum et omni juri canonici et civili, et expresse omnibus juribus dicentibus renuntiationem non sufficere generalem
560 5609 5656 5724 nisi precesserit specialis. Hanc legem sibi dicti conjuges in hoc facto nichilominus imponentes coram dicto mandato nostro quod si contra premissa vel aliqua de premissis
568 5729 5696 5846 venire presumerent quoquomodo quod absit quod eis omnis in quocumque foro ecclesiastico seu mundano omnis audientia denegetur et ordo judiciarius precludatur.
548 5846 5652 5977 In cujus rei testimonium ad instantiam et preces conjugum predictorum nobis oblatas pro ipsis per dictum mandatum nostrum, cui super hiis et aliis fidem
576 5976 5684 6113 plenariam adhibemus presentibus litteris sigillum commune domni regis predictum duximus apponendum. Datum anno Domini .m°.ccc°. nono. [...]
