8072 6120
881 1159 7088 1569 Bonifatius episcopus servus servorum Dei dilecto filio abbati monasterii Cluniacensis salutem et apostolicam benedictionem. Merita
912 1421 7100 1755 tue devotionis exposcunt et specialis dilectionis affectus quem habemus ad Cluniacensem ordinem nos inducit ut circa felicem ipsius ordinis statum
918 1586 7044 1914 diligentius intendentes hiis que ipsi statui obnoxia dinoscantur salubribus remediis obviemus. Peticio quidem tua nobis exhibita continebat quod licet
919 1779 7174 2124 ordo Cluniacensis in numero monachorum plurimum sit gravatus nichilominus tamen alii abbates et priores conventuales monasteriorum ordinis pre
902 1945 7118 2307 libati nunc ob potentiam territi, nunc per preces seducti nobilium apud eos instantium in hac parte, nunc etiam ducti affectu consan¬
914 2137 7112 2484 guinitatis ad suos recipiunt aliquotiens monachos ultra modum. Quare nobis humiliter supplicasti ut providere super hoc de oportuno re¬
916 2313 7034 2654 medio dignaremur. Nos itaque tuis supplicationibus inclinati auctoritate tibi presentium indulgemus ut nullus abbas vel prior eiusdem
918 2489 7120 2841 ordinis usque ad sex annos aliquem in monachum in abbatiis vel prioratibus suis de novo recipere vel induere valeat absque tua licentia spe¬
922 2667 7036 3013 ciali. Et si secus actum fuerit, illud ex nunc irritum decernimus et inane ac nullius existere firmitatis ; non obstantibus quibuslibet
910 2843 6960 3187 ipsius ordinis contrariis consuetudinibus vel statutis iuramento confirmatione apostolica vel quacumque alia firmitate vallatis seu quibuscumque
898 3039 7028 3366 privilegiis, indulgentiis, vel litteris apostolicis generalibus vel specialibus quorumcumque tenorum existant per que effectus presentium
894 3185 6880 3552 possit quomodolibet impediri. Nulli ergo omnino hominum liceat hanc paginam nostre concessionis et constitutionis infringere
894 3357 6928 3737 vel ei ausu temerario contraire. Si quis autem hoc attemptare presumpserit, indignationem omnipotentis Dei et beatorum Petri et
878 3533 7110 3930 Pauli apostolorum ejus, se noverit incursurum. Datum Laterani .xv. kalendas martii,
880 3719 7098 4115 pontificatus nostri anno septimo.
866 5229 1188 5373 G. de Seti
