7464 6120
1894 724 6046 842 Philippe par la grace de Dieu roys de France, savoir faisons a touz presenz et a venir que, comme a la requeste de nostre procureur et des religieus prieur et couvent de Saint-Reverian pro¬
1718 802 5990 920 testans qu'il ne tendoient que a fin civile tant seulement notre amé et feal cousin Loÿs, conte de Flandres et Nevers eust esté adjournez par devant nous et contre li eussent proposé que, ja soit ce que les diz
1642 885 6042 997 religieux, leurs genz, hostes et justiçables et tous leurs biens feüssent en nostre sauvegarde especial et par exprés eust esté signefiee au dit conte et a ses genz et leur eust esté deffendu de par nous que aus diz religieux
1708 958 6051 1075 ne a leurs gens il ne meffeïssent en aucune maniere, et en signe de la dite sauvegarde noz penunciaus eussent esté assis et mis sur les portes dudit prieuré de Saint Reverien, si que nuls ne la peust igno¬
1718 1046 6034 1157 rer, neantmois plusieurs genz d'armes que le dit conte avoit assemblé et fait venir en son chastel appellé Montanoison ou le dit conte estoit lors s'estoient partiz dudit chastel du commandement dudit conte
1722 1124 6006 1237 jusques au nombre de soixante hommes a cheval et autant de genz a pié touz armez a armes descouvertes pour meffaire aus diz religieus et a leur gardien et par maniere de guerre et de hostilité s'en estoient
1722 1205 6042 1313 venuz a la dicte ville de Saint Reverian ouquel lieu les diz religieus ont toute justice haute, moienne et basse seulz et pour le tout. Et a l'entree de la ville trouverent un preudomme sergent des diz reli¬
1722 1288 6038 1395 gieus auquel il demanderent a qui il estoit et, si tost comme il ot dit qu'il estoit aus diz religieus senz autre meffait, combien qu'il leur deïst qu'il et ses maistres estoient en nostre sauvegarde, il le decouperent
1714 1366 6059 1479 et murtrirent et mistrent a mort cruelment et mauvesement ; et depuis entrerent en la dicte ville et vindrent a l'ostel du mareschal des diz religieus qui leur donna de son vin largement et courtoisement,
1722 1446 6047 1556 dont il li paierent tel escot que au partir il le batirent et detranchierent ses membres ; et, combien qu'il deïst qu'il et les autres habitans de la dicte ville estoient en nostre sauvegarde, il li couperent les poins
1706 1526 6050 1634 et aprés bouterent le feu en un hostel en la dicte ville ; et devant la porte du dit prioré trouverent .vii. de noz sergenz gardien des diz religieus qui, pour cause de la noise qu'il avoit oÿ estoit issu dudit prioré,
1694 1589 6055 1689 tenant en sa main noz lettres de sa commission de la dicte garde et sa verge painte a noz armes des fleurs de lis pour apparoir a touz qu'il estoit nostre sergent, et dist aus diz malfaiteurs qu'il estoit a nous et
1692 1663 6020 1753 gardien deputé de par nous aus diz religieus et que yceuls religieus estoient en nostre sauvegarde et leur deffendi de par nous qu'il ne leur meffeïssent en aucune maniere, en disant que, se il leur plaisoit a en¬
1708 1730 6044 1828 trer en l'ostel, il avroient volentiers des biens dudit lieu s'il leur en plaisoit, et leur monstra noz penunciaus qui estoient sur la porte dudit prioré et aussi leur monstra la dicte commission et sauvegarde
1708 1814 6028 1908 qu'il tenoit en sa main ; et, tantost qu'il ot ce dit, l'un d'euls de s'espee le feri si qu'il li coupa et fist voler tout hors du bras le poing dont il tenoit la dicte sauvegarde ; et depuis le pristrent et li coperent
1692 1894 6020 1990 les piez et l'autre poing et après le murtrirent et mistrent a mort ; et, de ce non contens, rompirent les portes dudit prioré par force et par violence et noz penunciaus abatirent et foulerent en la boe,
1716 1977 6028 2077 cracherent sus et les decirerent et despiecherent ; et aprés entrerent en l'eglise dudit prioré ou les moines estoient et chantoient vespres et faisoient le divin service, et les batirent, traynerent
1714 2065 6034 2155 et villenerent et aucuns en navrerent griefment, et pluseurs en lierent aussi comme se il fussent larrons ou murtriers et un petit enfant qui n'avoit pas douze ans, neveu dudit prieur, pridrent
1700 2149 5996 2239 pour occirre, et l'eussent mis a mort se ne fust le sousprieur qui se laissa cheoir sur et leur dist et jura qu'il n'estoit mie au dit prieur ; et aprés rompirent les huis et les huches du dortoir
1702 2229 6012 2317 et des autres mesons dudit lieu et mesmement de la chambre dudit prieur et de l'une des huches et des coffres dudit prieur roberent, pristrent et emporterent cinc cens flourins de Flourance,
1698 2303 6044 2395 deux cenz escuz d’or ou plus ; et depuis vindrent aus prisons des diz religieus et les froisserent et rompirent et en osterent un prisonnier auquel il couperent les piez et les poins et aprés le murtri¬
1712 2388 6008 2483 rent et mistrent a mort ; et vindrent aus moines qu'il avoient liez et les traynerent aprés euls par la dicte ville en laquelle il mutilerent et mehaignerent quatorze personnes ou plus, tele¬
1716 2468 6008 2563 ment que jamais ne se pourront aidier et deux autres en mistrent a mort ; et quant il orent fait les malefaçons dessus dictes et plusieurs autres grans et enormes, il s'en retournerent a Montanoi¬
1708 2547 6004 2647 son pardevers le dit conte, et la furent moult bien recueilliz et receuz par le dit conte et moult bien aisiez et receptez ; et y furent par l'espace de deux jours ou environ, le dit conte sachant les cho¬
1720 2630 6000 2734 ses dessus dictes ; lequel conte les fist conduire sauvement par sa terre et leur administra et fist administrer leurs despens jusques a tant qu'il furent hors de nostre royaume afin que justice n'en
1708 2708 5996 2820 peüst estre faite. Et en verité il avoit commandé a faire les diz malefices et les avoit ratiffiez et euz pour agreables, et mesmement pour hayne d'un plait pendant en nostre parlement entre nostre
1708 2792 5982 2904 procureur et les diz religieus, d'une part, et le dit conte, d'autre, pour ce que les diz religieus se disoient estre et devoir demourer en nostre sauvegarde. Si concluoient les diz religieus, comme les choses dessus
1720 2872 6006 2987 dictes feussent notoires, et mesmement apparoient par informations faites sur ce de nostre commandement, et es meffais dessus diz eust port d'armes, force publique, sedicion, sacrilege et crime
1704 2956 5996 3063 de lese magesté, homicides et larrecins, et si tresgrans et si enormes injures a Dieu et a l'Eglise et aus diz religieux que nuls ne les pourroit bonnement estimer, que ledit conte feust condempné
1704 3034 5996 3149 et contraint a amander envers les diz religieus, pour cause des diz excés malefices et injures, et a paier a eulx pour ce cent mil livres ou nostre taxacion. Et nostre procureur concluoit, a fin que ledit
1716 3110 6010 3232 conte feust condempné a perdre corps et biens et que touz ses biens nous feussent confisquié et acquis ou qu'il feust condempnez a nous en tele amende comme nostre court regarderoit, et mesme¬
1708 3192 5982 3308 ment a avoir perdu tout le droit qu'il pooit avoir en la dicte garde, ressort et souveraineté du dit prioré, se aucun en y pooit avoir, et que ycelle garde demourast a touz jours par devers nous. Et
1716 3277 5964 3389 depuis les diz religieus et le procureur de l'abbé et couvent de Clugny, d'une part, et le dit conte, pour li et pour ses genz, d'autre part, eussent acordé de nostre licence que en tant comme il leur tou¬
1712 3355 5988 3473 choit nostre amé et feal chevalier et conseillier le sire de Noiers peust sentencier et ordener sur les choses dessus dictes. Et il en ait fait certaine sentence et ordenance dont il a baillié ses lettres seel¬
1704 3442 5994 3559 lees de son seel si comme les diz religieus et conte dient. Et nientmains nostre procureur nous eust requis que nous li feïssiens droit sur les choses dessus dictes. Et le dit conte eust respondu et con¬
1708 3524 5984 3635 fessé pardevant nous que voirs estoit qu’il avoit envoié ses genz a Saint Reverian pour meffaire aus ditz religieus et a leurs genz, mais il ne leur avoit pas commandé ne il n'avoit en volenté
1724 3602 5990 3720 ne en entencion qu'il feïssent tels excés et malefices comme on avoit proposé contre li. Et toutesvoies il s'en mettoit du tout a nostre volenté. Sachent tuit que nous, en grant deliberacion en
1700 3685 5980 3799 nostre conseil sur les choses dessus dictes, considéré ce qui faisoit a considerer, feïsmes dire et pronuncier par arrest en nostre presence que les diz prieur et couvent de Saint Reverian et leurs
1712 3769 5988 3879 successeurs prieur et couvent du dit lieu, leur eglise, leurs maisons, leurs villes, toute leur terre et touz les habitanz en ycelles, et generalment tous leurs biens, meubles et inmeubles, pre¬
1714 3854 5970 3958 senz et a venir, quiex qu'il soient et ou qu'il soient, seront et demourront, de ci en avant a tous jours, par especial en nostre sauvegarde et seront gardez par nous et par noz successeurs roys de France
1695 3928 5950 4038 et par noz deputez seulz et pour le tout. Et seront et demourront exempt d'ores en avant a touzjours de la chastellerie de Montanoison et de toute la conté de Nevers du dit conte de Flandres et de
1700 4006 5984 4124 Nevers, qui est a present et de ses successeurs et de leurs genz et de tous ceuls qui de euls auront cause, comment que ce soit en justice et en ressort, en tous cas et en toutes choses, qu'elles que
1716 4086 6027 4205 elles soient. Et de ci en avant ne seront tenuz obeïr au dit conte de Flandres et de Nevers, a ses successeurs, a leurs genz ne a ceuls qui de eus auront cause, en nul cas quel qu'il soit. Et s'il avenoit
1708 4171 5978 4291 que le dit conte de Flandres et de Nevers, ses successeurs, ou leurs genz, ou ceuls qui de euls auront cause ou temps a venir, s'efforçoient de faire quelconque exploit de justice ou autre ou aucun
1696 4256 5970 4371 meffait en la terre des diz religieus, ou sur euls, ou sur les habitanz en ycelle, ou en leurs biens, [les] diz religieus ou leurs genz porront prendre ceulz qui s'efforceroient de faire le dit exploit
1712 4343 5950 4450 ou meffait et yceuls tenir en prison ,jusques a tant qu'il l'auroient amandé au dit prieur ou a celui qui sa justice garderoit. Item, nous ferons prendre sur le dit conte et sur sa terre
1716 4419 5970 4530 quarante livrees de terre a Parisis amorties pour fonder deux chapellenies perpetueles, chacune de vint livres Parisis, dont la collacion appartendra plainement a nous et a noz successeurs et non
1684 4502 5996 4609 a autre, et seront fondees en l'eglise de Saint Reverian es quelles chapelles on chantera deus messes chascun jour a perpetuité pour nous, pour nostre treschiere et amee compaigne la
1696 4586 5998 4695 royne et pour noz hoirs et pour les ames de ceuls qui ont esté mors par les meffais dessus diz, lesquelles quarante livres de terre seront exemptees du tout en tout de la juridicion et du
1692 4670 5978 4777 ressort du dit conte, de ses successeurs, et de leurs genz, et de ceulx qui de euls auront cause, et ycelles quarante livres de terre auront et tendront paisiblement a touz jours les chapelains
1692 4750 5990 4855 des dites chapelles, sanz les mettre hors de leur main et sanz paier pour ce quelconque finance a nous, ne a noz successeurs, ne au dit conte, ne a ses successeurs. Item, la dicte ordenance
1692 4831 5974 4935 faite par le dit sire de Noiers vaudra et tendra et sera executee entierement comme arrest de nostre court, excepté en tant comme il touche la dite sauvegarde et les autres choses dont nous avons
1688 4919 5980 5017 par dessus ordené, lesquelles tendront et demourront en la fourme et maniere qu'il est dessus esclarci. Et pour ce que ce soit ferme chose et valable a touz jours, nous avons fait seeller ces
1700 5006 4216 5088 lettres de nostre seel. Ce fu fait au Bois de Vincennes l'an de grace mil trois cenz quarante et trois ou mois de janvier. [sous le repli : Sine financia. Justitia(?)]
1854 5340 3094 5424 Par le roy estant en son grant conseil et depuis levé en
1878 5418 3050 5504 parlement a vostre relacion et de monseigneur .P. de Cuignieres.
1816 5522 6007 5624 Lect. in camera		dupplicata.
1982 5656 2941 5780 Verrieres. 	.. Clavelz.
