5191 6844
522 2888 5121 3051 Nos Nicholaus Galli, licentiatus in legibus consiliarius regius locumtenens generalis nobilis et potentis viri domini Ludovici domini de Chantemerle
552 2949 5094 3106 et de Clayete militis consiliarii et cambellarii domini ducis Burgundie baillivi et judicis regis Matisconis, notum facimus universis presentes licteras inspecturis
574 3000 5097 3166 quod, anno Domini millesimo quadringentesimo sexagesimo secundo, die martis post nuper et ultime lapsum festum purifficationis beate Marie Virginis
576 3067 5032 3242 octava mensis januarii hora tertia, comparuit coram nobis in judicio curie dicti domini baillivi et judicis regis, videlicet in camera consilii castri
568 3120 5141 3316 Matisconis, ubi tunc ad expediendum causas dicte curie sedebamus, discretus vir Johannes de Monasteris regius notarius et curie predicte juratus,
560 3182 5122 3385 procurator generalis dominorum abbatis et conventus Cluniaci, pro ipsi de procuratorio sufficiens fondatus exhibens et presentans quasdem patentes licteras
556 3252 5086 3466 in pargameno descriptas et sigillo comitis Armigniaci qui pro tempore erat in cera rubea impendente sigillatas, quarum licterarum tenor
560 3316 5050 3543 sequitur. Jehan d'Armaignac, sires du conté et baronie de Charrelois, savoir faisons a tous que, comme nous soyons en saisine et vraie
558 3389 4942 3611 possesion de prendre, avoir, lever et exiger par tout nostre dit conté et baronnie, par cause de ressort et de soverainneté, les biens tant
588 3455 5092 3699 meubles que heretages de tous les bastars et bastardes deffaillens sens heritier de leurs corps fermez en mariage. Et pour ainsi et par ladite
564 3533 5104 3771 cause, nous usissiens et heussiens a costume user ou prioré, ville et terre de Paroy estant de nostre dit ressort et souverainneté. Pour c'est il que nous,
564 3605 5180 3853 pour l'amour que nous avons et portons a l'eglise de Cluny, a laquelle sens moyen appertient ledit prioré et eglise de Paroy, et pour contemplation
560 3687 5180 3922 d'aulcuns plaisirs que nous a fait reverens peres en Dieu freres Jehan du Pin, abbés de Cluny, ensemble le couvent dudit lieu avons quitté, remis
556 3763 5138 4001 et octroyé, donnons, quittons, remectons et delivrons pour nous et noz successeurs, de nostre grace especial et certaine, especial et certaine science,
544 3841 5128 4071 a tous jours mes au dit prioré et esglise de Paroy, appartenent audit messire l'abbé de Cluny, et aus gouverneurs et ministres d'icelluy prioré et eglise de Paroy,
572 3910 5182 4147 qui sunt et seront par le temps lesdiz biens des bastars et bastardes qui sens heres de leurs corps deffaudront oudit prioré, ville et terre de Paroy, a prandre
559 3988 5104 4221 lever, cuillir et parcevoir par lesdits ministres et gouverneurs de la dite esglise de Paroy perpetuelment, mandons et commandons a noz baillis et receveur et
552 4065 5096 4295 procureur, qui sunt et seront par le temps en nostre dit conté et baronie de Charrolois, que lesdits gouverneurs et ministres facent et laissent
568 4136 5119 4379 user et joir des diz biens de bastars et bastardes qui sens heretier, ainsi que dit est, deffaudront d'ores en avant oudit prioré, esglise, ville
576 4222 5184 4457 et terre de Paroy paisiblement et sans ce qu'il les y troublent, molestent ou empestrent aulcunement, contre lesquelles chouses nous promettons
570 4309 5149 4531 en bonne foy non mie venir, mez ces choses avoir aggreables et ycelles tenir et attendre perpetuellment sans corrumpre, sauf es autres chouses
554 4397 5185 4602 nostre droit et en toutes l'autruy. En tesmoing de laquelle nous avons fait mettre nostre seel en ces presentes lettres, donnés et ottroyés a Cluny le .xxvii.
566 4448 5166 4668 jour du mois de juing, l'an degrace mil .ccc. septante, par monseigneur, presens messire G. de la Roche, messire G. de Siris chevaliers, maistre Mathieu de Colinges, clerc
570 4516 5098 4738 saige en droit, et autres. Du Perchis. Qui quidem procurator post ipsarum litterarum presentationem nobis dixit et exposuit quod ipsi domini abbas et conventus
582 4575 5178 4804 de ipsis licteris in pluribus locis et partibus et contra plures personas erant acturi dubitabantque originale ipsarum literarum si illud in locis in quibus se delicteris ipsis juvare habebant
578 4639 5178 4865 portari contingeret deperdi, nobis propterea supplicando quatinus de ipsis licteris unum vel plures vidimus seu unum vel plura transumpta sub sigillo dicte curie fieri ordinaremus.
590 4711 5146 4921 Qua requesta per nos audita eidem tanquam rationi consone annuentes, visis et diligenter inspectis dictis licteris quas sanas et integras, non viciatas neque corruptas sed
576 4771 5182 4977 omni prorsus vicio carentes comperimus de eisdem unum vel pluras vidimus seu unum vel plura transumpta sub sigillo dicte curie ipsis dominis abbate valitura et valituris
570 4835 5178 5033 quod de jure valere poterit et debebit poteruntque et debebunt pro notarium et juratum predicte curie subscriptusm fieri ordinavimus et ordinamus sub hac
560 4899 5170 5097 forma. In cujus rei testimonium siggillum dicte curie regis indicatum licteris presentibus duximus apponendum. Actum et datum anno, die et hora predictis,
556 4976 5182 5173 presentibus venerabilibus et discretis viris magistris Humberto de Monte Firmitatis, Johanne Verperiti, Stephano Binchon, Henrico de Prato, Philipo de Fede jurisperitis,
526 5079 4922 5247 Johanne de Montetario, Johanne de Lugduno, Claudio de Brangiis, notariis regiis et dicte curie juratis, et pluribus aliis in judicio astantibus coram nobis.
1176 5385 2230 5465 Collatio fit de presente transumpto seu
1202 5457 2310 5524 vidimus ad proprium originale suprascriptarum
1210 5527 1892 5586 licterarum per me.
1914 5635 2082 5693 Guitonis
