5191 7420
932 1053 4324 1179 Nos Johannes Beraudi licenciatus in legibus et bacalarius in decretis judex causarum appelationum
1012 1137 4292 1265 curie Cluniacensis, notum facimus universis presentes litteras inspecturis quod nos vidimus, tenuimus, palpavi¬
1044 1218 4268 1348 mus ac per notarium et juratum curie nostre predicte legi, teneri et palpari fecimus quasdam litteras nobilis
1032 1304 4308 1442 et potentis viri, domini Johannis d'Armaignac domini comitatus et baronie Kadrellensis ejus sigillo in cera
1052 1392 4312 1530 rubea et cauda simplici sigillatas, sanas et integras, non viciatas, non cancellatas nec in aliqua
1038 1483 4294 1628 sui parte suspectas, sed omni prorsus vitio et suspicione carentes tenorem qui sequitur continentes :
1054 1575 4316 1737 Jehan d'Armaignac, sires du conté et baronnie de Charrolois, savoir faisons a tous que comme nous
1054 1671 4324 1825 soyons en saisine et vraye possession de prandre, avoir, lever et exigir partout nostre dit conte et baro¬
1046 1765 4300 1920 nie pour cause de ressort et de souveraineté les biens, tant meubles que heritaiges de touz les ba¬
1052 1870 4344 2014 stars et bastardes defaillans sanz heretiers de leurs corps fourmez en manage. Et pour ainsi et pour
1048 1974 4350 2110 la dicte cause nous ofissiens et heussiens acoustumé user ou prenre ville et terre de Paroy estant
1070 2067 4336 2206 de nostre dit ressort et souveraineté. Porce est il que nous pour l'amour que nous avons et pourtons
1082 2169 4320 2300 a l'eglise de Clugny a laquelle sanz moyen appartient ledit prieuré et eglise de Paroy et pour
1066 2271 4316 2404 contemplacion d'aucuns plaisirs que nous a fait reverent pere en Dieu, frere Jehan du Pin,
1082 2371 4384 2504 abbé de Clugny ensamble le couvent du dit lieu, avons quicté, remis et ottroyé, donnons, quittons,
1088 2477 4412 2596 remectons et delivrons pour nous et noz successeurs, de nostre grace especial et certaine science, a tous
1076 2587 4344 2692 jours mais au dit prieuré et eglise de Paroy appartenant audit messire l'abbé de Clugny et aus
1106 2691 4360 2798 gouverneurs et ministres d'icellui prieuré et eglise de Paroy, qui sont et seront par le temps lesdiz biens
1106 2793 4344 2896 des bastars et bastardes qui sans hers de leur courps deffauldront ou dit prieuré, ville et terre
1108 2891 4354 3002 de Paroy a prandre, lever, coillir et percevoir par les dits ministres et gouverneurs de la dicte eglise de Paroy,
1126 2991 4372 3096 perpetuelment mandons et commandons a noz bailli et receveur et perciveur qui sont et seront par le temps
1114 3093 4356 3200 en nostre dit conté et baronnie de Charrolois que les dits ministres et gouverneurs facent et laissent user et joïr desdiz
1132 3195 4352 3303 biens des bastars et bastardes que sanz hers, ainsi que dit est, deffauldront doresenavant ou dit prieuré, eglise,
1126 3285 4372 3391 ville et terre de Paroy, paisiblement et sens ce qu'ilz les y troublent, molestent ou empeschent aulcunement, contre
1138 3377 4356 3487 lesquelles chouses nous promettons en bonne foy non mie venir mais ces chouses avoir agreables et ycelles
1146 3475 4410 3584 tenir et attendre perpetuelment sans corrumpre sauf es autres chouses nostre droit et en toutes l'autrui. En tesmo¬
1142 3575 4360 3684 ing de laquelle chouse nos avons fait mettre nostre seel en ces presentes lettres donnees et ottroyez a Clugny le
1152 3671 4404 3786 .xxviie. jour du moy de juing, l'an de grace mil .ccc. septante par monseigneur, presens messire G. de la Roche, messire
1150 3765 4412 3880 G. de Siris, chevaliers, maistre Matheu de Colonges, clerc sage en droit, et autres. Dy. de Perches. In cujus
1161 3866 4396 3978 rei testimonia facta, prius collatione diligenti per notarium et juratum infrascriptum de dictis originalibus litteris ad presens vi¬
1154 3964 4352 4068 dimus cujus relationis fidem plenariam adhibemus sigillum curie nostre predicte hinc presente visioni duximus
956 4057 4260 4166 apponendum. Datum quo ab visionem hujusmodi die .xxj. mensis septembris anno Domini millesimo quadringentesimo primo.
2640 4144 4414 4235 Collatio facta est per me, Johannem Commaneci, clericum notarium publicum de
2696 4244 4362 4321 dictis originalibus litteris ad presens vidimus, hoc signo meo
2710 4362 4102 4396 manuali fieri solito teste. J. Commaneti.
