7004 5191
2166 2111 6284 2294 Nos Otho de Grandissono, dominus Sancte Crucis et Albone, miles, dilecto nostro Johanni de Messieres ballivo
2180 2207 6212 2414 nostro de Pollans et alie nostre terre Burgondie salutem. Cum nos certis titulis atque causis efficaciter obligatis
2150 2327 6202 2532 teneamur reverendo in Christo patri et domino Johanni abbati monasterii Cluniacensis in septem centum franchis
2160 2437 6160 2628 auri, unde idem dominus abbas obligatorias litteras a nobis habuit atque habet, nosque volentes eidem domino
2166 2558 6208 2724 abbati de predictis ex parte cum suis futuribus et negotiorum gestoribus habere ut decet satisfieri integre,
2138 2674 6304 2832 tibi expresse precipimus, jubemus et mandamus quatinus eidem domino abbati, vel ejus procuratori pro eodem recipiente,
2114 2778 6104 2924 dictos septem centum franchos pro et nomine nostro de et super redditibus, exitibus, obventionibus et emolumentis
2138 2886 6116 3017 castri et castellanie nostris de Pollans et dicte nostre alie terre Burgondie quos tibi propter hec obligant.,
2134 3002 6286 3153 videlicet infra quinque annos proxime futuros scilicet anno quolibet quatuor primorum annuorum centum quiquaguinta
2130 3106 6206 3264 franchos et alios centum francos in ultimo seu quinto anno soluas et expedias indilate. Et nos habita copia
2148 3204 6130 3368 presentium manu notarii publici signata et in ultimo termino presentium cum instrumento seu litteras dicti domini
2092 3312 6200 3487 abbatis vel ejus procuratoris de confessione et recepta predictos ipsos septem centum francos una cum litteris seu
2122 3432 6204 3583 documentis obligationis quas idem dominus abbas a nobis habuit in tuo primo et sequentibus computis reddendis
2078 3536 6266 3703 prout superius ordinatur harum tenore tibi promittimus alloturam seu allotam facere ; mandantesque receptoribus
2090 3642 6200 3831 seu receptori dictorum nostrorum cumputorum qui tempore fuerunt quatinus predictam franchorum quantitatem tibi
2075 3764 6276 3965 allotent modis predictis absque difficultate quacumque. Datum Chamilli die vicesima ottava mensis agusti
2070 3886 6010 4041 anno Domini millesimo tercentesimo ottuagesimo ottavo sub sigillo nostro in testimonium premissorum.
