7560 6120
1078 1179 7234 1531 Johannes episcopus servus servorum Dei dilectis filiis . . Westimasterii et . . Sancti Edmondi de Bery ac . . de Saleby monasteriorum abbatibus Londoniensis, Norvicensis et Eboracensis diocesum salutem et apostolicam benedictionem.
1054 1286 7242 1643 Et si quibuslibet religiosis personis et locis ex injuncte nobis servitutis officio assistere defensionis presidio teneamur, illis tamen specialius et efficacius adesse nos convenit, qui sedi apostolice immediate subjecti non
1066 1386 7194 1737 habent preter romanum pontificem alium defensorem. Sane dilectorum filiorum . . abbatis et conventus monasterii Cluniacensis ad romanam ecclesiam nullo medio pertinentis Matisconensis diocesis, necnon abbatum, priorum
1070 1488 7202 1839 et decanorum monasteriorum, prioratuum et decanatuum Cluniacensis ordinis conquestione percepimus, quod nonnulli archiepiscopi et episcopi, abbates, priores et alii clerici et ecclesiastice persone tam religiose quam
1082 1593 7194 1945 seculares, necnon duces, comites et barones, milites et universitates et singulares persone civitatum et diocesium ac partium vicinarium in quibus dictum monasterium ac cetera monasteria, prioratus, decanatus, domus
1058 1709 7208 2051 et alia loca et membra eidem monasterio Cluniacensi subjecta consistere dinoscuntur, occupaverunt et occupari fecerunt domos, ecclesias, grangias, molendina, decimas, obedientas, casalia, terras, vineas, possessiones, cen¬
1062 1815 7186 2159 sus, redditus et proventus, jurisditiones et jura ac nonnulla bona mobilia et immobilia extra regium Francie consistentia ad dictum Cluniacensem monasterium et alia monasteria sibi subjecta ac prefatos prioratus,
1066 1927 7150 2267 decanatus et domos et alia prelibata ejus membra spectantia et ea detinent indebite occupata, seu eadem detinentibus prestant auxilium, consilium et favorem, nonnulli etiam qui nomen Domini in vacuum
1074 2037 7202 2379 recipere non formidant, dictis abbatibus et prioribus ac decanis et conventibus monasteriorum et prioratuum eorumdem in ecclesiis, grangiis, molendinis, decanis, casalibus, castris, terris, jurisditionibus, juribus, bonis et
1062 2148 7162 2485 rebus aliis extra dictum regnum consistentibus ad monasteria, prioratus et domos predicta spectantibus multiplices molestias ac injurias enferunt et jacturas. Quare dicti abbas et conventus ejusdem monasterii Clu¬
1046 2249 7160 2587 niacensis nobis humiliter supplicarunt, ut cum valde difficile reddatur eisdem et aliis abbatibus, prioribus, decanis et eorum membris pro singulis querelis ad apostolicam sedem habere recursum providere eis super hoc paterna
1039 2353 7140 2691 diligentia curaremus. Nos igitur adversus occupatores, detentores, presumptores, molestatores et injuriatores hujusmodi, illo volentes eis remedio subvenire per quod ipsorum compescatur temeritas et aliis aditus commitendi
1036 2443 7170 2784 similia precludatur, discretioni vestre per apostolica scripta mandamus, quatinus extra prefatum regnum vos vel duo aut unus vestrum per vos vel alium seu alios, etiam si sint extra loca in quibus deputati estis conservato¬
1052 2543 7156 2899 res et judices, abbatibus, prioribus, decanis, conventibus et domibus ac membris predictis efficacis defensionis presidio assistentes, non permittatis eosdem super premissis et quibuslibet aliis bonis et juribus ad ipsos spectan¬
1032 2653 7146 3005 tibus extra prefatum regnum consistentibus ab eisdem et quibuscunque aliis sibi gravamina seu dampna vel injurias irrogari facturi ipsis cum ab eis vel eorum aliquo seu procuratore vel procuratoribus eorumdem vel alicujus
1050 2765 7116 3109 eorum fueritis requisiti, de predictis et aliis personis quibuslibet super restitutione prioratuum, decanatuum, ecclesiarum, grangiarum, castrorum, casalium, terrarum, possessionum, jurisditionum, jurium et bonorum immobilium et mobi¬
1032 2871 7156 3223 lium, reddituum quoque et proventuum et aliorum quorumcunque bonorum, necnon et de quibuslibet injuriis et molestiis atque dampnis presentibus et futuris in personis et rebus ipsorum, in illis videlicet que judicialem requirunt
1018 2983 7132 3325 indaginem de plano sine strepitu et figura judicii, in aliis vero prout qualitas ipsorum exegerit justitie complementum, occupatores seu detentores, molestatores, presumptores et injuriatores hujusmodi necnon contradicto¬
1014 3089 7084 3431 res quoslibet et rebelles cujuscunque status ordinis vel condicionis, etiam si archiepiscopalis vel episcopalis dignitatis extiterint quandocunque et quotienscunque expedierit autoritate nostra appellatione postposita compescendo, invo¬
1008 3201 7112 3533 cato ad hoc si opus fuerit auxilio brachii secularis. Non obstantibus felicis recordationis Bonifatii pape .viii. predecessoris nostri in quibus cavetur ne aliquis extra suam civitatem et diocesim nisi in certis exceptis casibus
1014 3309 7092 3641 et in illis ultra unam dietam a fine sue diocesis ad judicium evocetur, seu ne judices et conservatores a sede deputati predicta extra civitatem et diocesim in quibus deputati fuerint contra quoscunque procedere sive alii
1014 3421 7117 3751 vel aliis vices suas committere aut aliquos ultra unam dietam a fine diocesis eorumdem trahere presumant. Seu quod de aliis quam manifestis injuriis et violentiis et que judicialem indaginem exigunt penis in eos si
1002 3537 7092 3847 secus egerint et in id procurantes adjectis, conservatores se nullatenus intromittant, et tam de duabus dietis in concilio generali dummodo ultra terciam vel quartam dietam aliquis extra suam civitatem et diocesim
1004 3625 7076 3931 autoritate presentium ad judicium non trahatur, quam aliis quibuscunque constitutionibus a predecessoribus nostris romanis pontificibus, tam de judicibus delegatis et conservatoribus quam personis ultra certum numerum ad judicium non
996 3727 7078 4039 vocandis aut aliis editis que possent vestre in hac parte jurisditioni aut potestati ejusque libero exercitio quomodolibet obviare, seu si aliquibus communiter vel divisim a predicta sit sede indultum, quod
992 3833 7092 4147 excommunicari, suspendi vel interdici seu extra vel ultra certa loca ad judicium evocari non possint, per litteras apostolicas non facientes plenam et expressam ac de verbo ad verbum de indulto hujusmodi et
1004 3945 7060 4257 eorum personis locis ordinibus et nominibus propriis mentionem, et qualibet alia dicte sedis indulgentia generali vel speciali cujuscumque tenoris existat per quam presentibus non expressam vel totaliter
992 4053 7064 4369 non insertam vestre jurisditionis explicatio valeat quomodolibet impediri et de qua cujusque toto tenore de verbo ad verbum in nostris habenda sit litteris mentio specialis. Ceterum volumus et apostolica autoritate
976 4163 7060 4475 decernimus quod quilibet vestrum prosequi valeat articulum etiam per alium inchoatum, quamvis idem inchoans nullo fuerit impedimento canonico prepeditus, quodque a data presentium sit vobis et unicuique vestrum
976 4277 7060 4581 in premissis omnibus et eorum singulis ceptis et non ceptis, presentibus et futuris perpetuata potestas et jurisditio attributa ut eo vigore et ea firmitate possitis in premissis omnibus ceptis et non
994 4385 7060 4691 ceptis, presentibus et futuris et pro predictus procedere, ac si predicta omnia et singula coram vobis cepta fuissent, et jurisdicio vestra et cujuslibet vestrum in predictis omnibus et singulis per citationem vel
964 4495 7086 4792 modum alium perpetuata legitimum extitisset constitutione predicta super conservatoribus et alia qualibet in contrarium edita non obstante. Datum Avinioni .xv. kalendae Augusti
968 4607 7108 4915 pontificatus nostri anno tertio.
1102 5820 1939 5900 Pascal. N. Piper.
992 5913 2063 5996 P. de Caim. P. de Caim.
