8312 6120
1342 869 7366 1156 Clemens episcopus servus servorum Dei, dilectis filiis Thiernensis et Sancti Rigaudi monasteriorum abbatibus ac priori de Amberta Claromontensis, Matisconensis et Lugdunensis diocesium salutem et apostolicam benedictionem. Et si sedes
1076 949 7370 1260 apostolica que veritatem et justitiam sequitur et in suis actibus confovet honestatem delinquentium quorumlibet excessibus provocetur illis, tamen non indigne irritatur vehementius, qui a personis religiosis per quas debet potuis honorari mandatorum observantia
1096 1043 7338 1346 committuntur. Sane nuper insinuatione dilectorum filiorum . . abbatis et conventus monasterii Cluniacensis Matisconensis diocesis percepimus, quod cum olim in prioratu Martiniaci Cluniacensis ordinis Eduensis diocesis prefato monasterio immediate subjecto certi mo¬
1089 1130 7319 1431 nachi et nonaginta novem moniales ejusdem ordinis ibidem incluse pariete inter ipsos monachos et moniales intermedio commorantes consuevissent horas canonicas simul alio tamen pariete medio psallere aliaque divina officia celebrare, dudum diffini¬
1092 1244 7330 1542 tores capituli dicti Cluniacensis ordinis provide attendentes honestati et juris equitati minime convenire quod sic simul duo conventus monachorum et monacharum videlicet horas simul canerent supradictas, ad consulendum honestati super hoc, et vitandi
1102 1352 7310 1644 periculosa scandala que inde formidari probaliter poterant proventura tandem matura deliberatione previa diffiniverunt prout ex potestate sibi a sede apostolica concessa super hiis poterant et etiam ordinarunt quod monachi tunc commorantes
1102 1449 7290 1732 in eodem prioratu et qui morarentur imposterum nequaquam ex tunc simul cum prefatis monialibus horas predictas psallerent sed per se ipsos in una capella dicti prioratus per abbatem predicti monasterii ad hoc specialiter deputandi, et adeo
1102 1554 7302 1818 a choro monialium predictarum remota quod propter vocum dissonantiam divinum nequiret officium perturbari, horas predictas diurnas pariter et nocturnas recitarent et psallerent cum devotione debita reverenter, prefateque moniales
1079 1611 7326 1875 choro suo meditate ipsarum a dextra et alia medietate a sinistra parte ipsius chori persistentes tractim et devote canerent etiam horas hujusmodi per se ipsas. Quodque abbas predictus diffinitionem et ordinationem hujusmodi prout ex consimili
1100 1697 7306 1950 potestate sedis ejusdem poterat per se, vel alium seu alios ad executionis effectum deduceret, et faceret per censuram ecclesiasticam inviolabiliter observari. Et licet abbas predictus ad executionem diffinitionis et ordinationis predictorum sicut
1088 1768 7236 2043 tenebatur procedens eisdem monachis capellam in eadem prioratu ad psallendum horas canonicas et celebrandum diurnum officium juxta diffinitionem et ordinationem hujusmodi deputarit et sic aliquandiu extiterit observatum, tamen postimodum
1084 1857 7330 2146 quinquaginta ex eisdem monialibus vel circa maligno instigante spiritu contra easdem diffinitionem et ordinationem temere, ac in suarum animarum periculum, et dicti ordinis scandalum veniendo eas observare penitus absque alia causa rationabi¬
1080 1949 7358 2240 li, sed solum pro voluntatis libito recusarunt propter quod dilecti filii Aymo Salviniaci prioratus dicti ordinis Claromontensis diocesis, et Petrus Major dicti monasterii priores auctoritate dicti abbatis eis in hac parte commissa easdem
1082 2051 7324 2336 moniales rebelles nominatim expressas canonice monuerunt ut infra certum competentem terminum et extunc imposterum diffinitionem et ordinationem hujusmodi observarent excommunicationis in eas si hoc facere renuerent canonice per eos
1098 2143 7340 2430 nichilominus promulgata, et deinde quia predicte moniales nominatim expresse parere monitioni hujusmodi contumaciter recusarunt, nullam causam rationabilem super hoc allegantes, prelibati priores eas incurrisse sententiam ex¬
1092 2237 7350 2528 communicationis hujusmodi declararunt. Subsequenter autem ut processus hujusmodi per prefatos priores ut prefertur habitus suum plenius sertiretur effectum supradicti abbas et conventus litteras apostolicas sub certa forma directas dilecto
1092 2340 7326 2624 filio abbati monasterii Trenorchiensis Cabilonensis diocesis impetrarunt qui quidem abbas Trenorchiensis super contentis in eisdem litteris eorum forma servata procedens declaravit justitia exigente dictum processum fore justum dictasque
1096 2436 7324 2714 moniales in predictis litteris nominatas eidem excommunicationis sententie subjecere ispasque mandavit et fecit excommunicatas in illis partibus publice nunciari, contra ipsas eandem sententiam prout earum exigebant contemptus et con¬
1080 2531 7288 2804 tumacie nichilominus aggravando. Verum moniales ipse deducentes sententiam et aggravationes hujusmodi dampnabiliter in contemptum eas per duos annos et amplius sustinuerunt presumptione temeraria et dampnanda et adhuc
1080 2633 7340 2914 viginti ex eis ceteris ad obedientiam saniori ductis consilio redeuntibus sustinent animis induratis et quod est dampnabilius a peccatorum suorum confessione ac sacramentorum ecclesiasticorum perceptione cessaverunt. Quinque annis continue
1092 2725 7308 3010 jam elapsis vel circa et adhuc cessare non sive gravi suspitione dicuntur ac velut date in sensum reprobum accumulantes continue mala malis divina officia cum per obedientes moniales celebrantur ibidem ipsasque obedientes in
1084 2817 7300 3100 faciendis peccatorum confessionibus et sacramentorum predictorum receptionibus impedire nephandis et temerariis ausibus moliuntur, alia execranda scandalosa et detestanda quamplurima sicut habet eadem insinuatio prodolor com¬
1076 2911 7332 3200 mittendo. Nostre igitur provisionis remedio pro parte dictorum abbatis et conventus predicti monasterii Cluniacensis humiliter implorato, Nos attendentes, quod talia sic presumptuosa, perniciosa et dampnanda nec tolleranda sunt nec sine
1084 3013 7284 3286 correctione debita, que aliis talia vel similia presumentibus in exemplum transeat relinquenda, discretioni vestre per apostolica scripta commitimus et mandamus quatinus vos vel duo aut unus vestrum per vos vel alium seu alios hujusmodi
1082 3095 7324 3386 diffinitionem et ordinationem –––––––––––––––––– velut rationi viri et honestati consonas ––––––––– facientes tenaciter et inviolabiliter observari si de hujusmodi excessibus per predictas moniales rebelles ut superius
1094 3192 7262 3472 narratur commissis simpliciter et de plano sine strepitu et figura judicii constiterit eas ex parte nostra moneatis, et efficaciter inducatis, ut infra certum terminum competentem per vos eis super hoc prefigendum ab hujusmodi rebellionibus, inobedientiis, et
1078 3289 7295 3562 excessibus desistant penitus, et ad ecclesie redeant unitatem, ac infra eundem terminum, et ex tunc etiam dictis ordinationibus et diffinitionibus pareant cum effectu, humiliter, et pacifice juxta regulam et statuta dicti ordinis salubria, conversando nichilominus cum
1082 3387 7326 3656 aliis et virtutum domino famulando, eisdem apertius predicentes quod si forsan quod absit in suis dampnandis rebellionibus et inobedientiis hujusmodi perduraverunt, et predictis monitionibus et inductionibus salubribus non obtemperaverint reverenter,
1080 3483 7306 3746 efficaciter, et humiliter ut tenentur, nos ad transferendum eas de loco illo ad alium, vel ad graviorem penam infligendam sicut earum excessus exegerit, et nobis expediens videbitur faciemus procedi quia vitari summopere convenit ne per earum
1100 3579 7302 3841 excessus execrabiles inficiantur alie vel turbentur. De hiis autem que per vos et easdem moniales facta fuerint super hiis nos per instrumenta publica, que inde fieri volumus curetis quantocius efficere certiores. Et ne moniales prioratus
1084 3677 7330 3929 predicti que tamen obedientes fuerint parrendo cum effectu ordinationibus et diffinitionibus supradictis ob necessariorum defectum materiam habeant conquerendi, vel etiam murmurandi, dilecto filio . . priori ejusdem monasterii districtius injungatis
1092 3767 7319 4026 ut eis decenter et congrue necessaria sicut fieri debet et consuevit hactenus faciat ministrari, contradictores per censuram ecclesiasticam appelatione postposita compescendo. Datum Avinioni idus octobris
1057 3870 7314 4131 pontificatus nostri anno secundo.
1054 4749 1414 4824 XXX M. Paschalis.
