5191 7020
1482 581 3986 739 L'an de Nostre Seignour .mccclxv. et le .ix. jour dou moy de may ha esté traitié et comme acordé entre noble et puyssant
1474 658 3966 803 homme, messire Artaut dou Seis, chivaller, seignour de Clavagres, par et en non de noble homme messire Regnaut
1462 722 3980 861 de Mombellet d'une part et venerables et religieux hommes messire Guillaume le grant prieur, le prieur claustrier
1444 783 3942 928 le priour de Saint Eutrope, le convent et les prodomes de l'ordre de Cluny d'autre part sur les discordes et
1450 851 3936 998 excés fourfaiz et porpetrés par le dit messire Regnaut de Mombellet et ses complices en la terre de l'eglise de Cluny en
1438 925 2696 1010 la manere et la forme qui s'encieut en cest present role :
1414 1140 3900 1281 Premierement que le dis messire Regnaut a l'onour de Dieuz et de la dicte eglise de Cluny doit venir a Cluny
1414 1210 3902 1357 a houre de la grant messe .i. jour sur ce a luy nommé en cor dune cote sen courroie, sen soulers et sen chapiron,
1426 1286 3942 1435 la teste descoverte et emqui feront tanz les religieux demorant en l'eglise de Cluny et avec le dit messire Regnat
1434 1361 3912 1500 .vi. chivaller que escuyer en celuy estat et crieront merci a Dieuz en genouz et aceluy qui tiendra le lieu per
1426 1427 2462 1502 messire de Cluny et ha touz les autres generaument.
1398 1711 3832 1845 Item, jurera es sains evrangiles et sur l'auter que gemais il ne fourfara ne consentira de forfaire a la
1394 1787 3820 1915 dicte eglise de Cluny en chiés ne en membres ne en persones, ains la deffendra, es despens de l'eglise toute
1402 1865 3754 1981 fois que requis en sera a son povoir a tant de gens d'armes que il porra finer en petit ou prou.
1398 2075 3900 2185 Item, son corps il prendra de fiez et de homage de la dicte eglise de Cluny en faisant homage au dit grant auter
1390 2157 3792 2243 tant comme il vivra contre touz homes excepté son seignour lige et quant messire l'abbé sera venus en cest
1388 2235 3760 2311 païs, il le fera a sa persone toutes les fois que requis en sara si n'estoit occupés de prison ou de maledie.
1364 2437 3846 2525 Item [le dict] messire Regnaut quittera les choses par Hugonin de Feleins a luy dehues ensi comme il dit, c'est asavoir
1386 2523 3764 2604 XIxx [?] touz despens que le dit Hugonin ha fait ajouté par cause des chouses dessus dictes en ses
1389 2595 3778 2664 [?] quitter a touz ses aidans et complices et sera randus li chevaux que il ha baillié au dit
1392 2666 3792 2737 [?] xl. franz d'or d'autre part, don il ha hun homme de Lordon en hostages en son chastel
1388 2736 2918 2795 [?]ns que le dit homme avroit fait ou autres par luy.
1340 2954 3798 3025 Item, [?] les dis religieux et leurs hommes de totes sommes d'argent et d'or acordees de paier que ne
1352 3031 3802 3093 [?] aut dit messire Regnaut ou a ses complices par prise de bestes ou autrement de prison et seront
1377 3095 3864 3183 toutes bestes rendues que seront trovees empré riere luy ou sa puyssance et touz autres lius quel¬
1340 3175 2546 3237 que que il soient que se pourront trover par raison.
1378 3471 3784 3545 Item, consentent les dis religieux a la solucion dou dit messire Regnaut en quelque manere qu'il les ait
1370 3549 3788 3621 encourrue par cause des chouses que il ha fait contre l'eglise ne en lour terre et juridiction ne autre
1350 3621 2036 3679 part et ses aidans et complices.
1346 3921 3798 3997 Item les dis religieuz consentiront comme le roy et le duc de Borgoyne pardonement au dit mossire Regnaut
1340 3999 2454 4067 et en escriront aus dis seigneurs se besoins est.
1360 4301 3790 4366 Item sur le domages fais par le dit monseignour Regnaut en la terre de l'eglise par ses aidans et complices universament
1326 4376 3796 4439 est esleuz messire Artaut dou Seis par monseignour Regnaut et li prieur de Sovigny por l'eglise de Cluny, lesquiex
1340 4449 3772 4519 chivaller et priour ont et aront tote puyssance dou dit mosseignour l'abbé de Cluny et convent et dou dit
1344 4522 3732 4593 mosseignour Regnaut de ordener sur les domages haut et bas a lour propre et pure volunté l'ordre de droit,
1330 4594 3734 4665 gardé ou non, ou de donner ou de quitter. Et la dicte ordenance promettront les dessus nommés de tenir
1340 4665 3740 4745 et d'atendre sen appellacion ou reclamacion nulle, ne soffrir appeller ne demander en quelque manere
1324 4741 3728 4819 que ce soit ou de lour povoir ne autremant. Et plegeront l'une partie et l'autre et se obligeront par la
1342 4822 3680 4899 plus fort manere que faire se pourra an diffances de [sages?] et sous toutes cours. Et pardonneront
1324 4896 3692 4969 les dis religieux au dit messire Regnaut et a ses complices et aidans les choses forfaites qu'il porroit
1314 4973 3734 5041 avoir fait contre lour ne en lour terre faites et acomplies les choses dessus dictes. Et promettent et
1308 5049 3294 5121 jurent les dessus nommés dou tenir et dou faire tenir a messire de Cluny de leur povoir.
1310 5281 3776 5347 Lequel tractié et acort par la manere dessus escripte promettent a tenir et attendre les dis grant priour, le
1312 5357 3792 5427 prieur claustrier et le prieur de Saint Eutrope sellon la puyssance et forme a lour et es autres presidens
1328 5425 3804 5505 par monseignour l'abbé de Cluny donnee et en tant comme lour puyssance se estent. Et a ce se sunt consentu et outroié
1340 5501 3762 5571 les seignours d'ordre et touz le convent dou dit lieu de Cluny. Et ce ne mestier est de ce, soient faites
1324 5575 3804 5643 lettres au dictament de sages si bonnes comme fere se porront. Et au cas en quoy le dit messire Regnaut
1328 5647 3746 5717 ne se voudroit obligier a tenir et acomplir totes les chouses contenues en cest present role que la
1316 5721 3750 5793 obligation et consentement faite par les dis presidens et convent fust nulle. Cestes chouses ont estees
1324 5793 3782 5867 faites present Jehan de La Guiche, Guicher Raffim, Jehan de Binanz, Guillaume de Saint Point donzelz
1308 5879 2006 5941 par tesmoyns sur ce appellés.
2056 6007 2326 6077 Gi. Mat.
