6120 7464
1138 1250 5200 1347 Nos Bernardus de Valle sacrista Belliioci tenentes sigillum commune domni regis Francorum in baillivia Matisconensis constitutum,
1074 1360 5156 1453 notum facimus universis presentes litteras inspecturis quod in presentia mandati nostri videlicet Stephani dicti bailli de Matiscono clerici, jurati
1086 1470 5168 1555 dicti domni regis et nostri et ad hoc a nobis specialiter deputati et testium subscriptorum ad hoc specialiter vocatorum et rogatorum, anno die et loco
1078 1588 5118 1675 infrascriptis, propter hec que secuntur personaliter constituti : magistri Bernardus Pelliparii, Hugo Guichardi, Petrus Carpentarii, Petrus
1078 1692 5172 1781 Garcini clerici, Guionetus Julioti, Stephanus de Manisiaco, Guillelmus Copini, Aymo Ronati, Perronetus Ronati, Perronetus Pelliparii,
1078 1800 5180 1887 Galterus Preconis, Nicholaus Textoris, Benedictus Machefers, Johannes Fagoz, Petrus Lupi clericus, Andreas de Castris, Symon de Panellis,
1080 1908 5160 1993 Johannes Luscus, Johannes li Decarlez, Bernardus de Mornay, Michael Libela, Theobaldus Carpentarii, Michael ejus frater dictus Malechars,
1084 2022 5152 2107 Perronetus de Ruffiaco, Luez filius Nichalay Textoris, Symon de Truaz, Guiotus Piscionarius, Guillelmus de Sancta Margareta, Perronetus
1072 2130 5164 2219 de Aziaco, Guillelmus de Donziaco, dominus Petrus Freperii presbiter, Johannes de Barris, Johannes de Monte Var, Hugo de Chaumont, Benedictus
1062 2238 5148 2323 Richars, Petrus Textoris, Guillelmus de Chivigniaco, Guillelmus de Coigniaco, Petrus Textor, Perraudus Ogerii, Michael Botat, Guillermus de
1062 2354 5148 2435 Blancheria, Guido de Dijone, Guillelmus Sarrerii, Stephanus de Merlo, Hymbertus de Burgo, Dyonisius de Buigniaco, Hugo Licona, domnus
1066 2464 5148 2545 Stephanus Reyaz presbiter, Johannes de Chavanes, domnus Johannes Quinaudi presbiter dictus Janore Ponciaz, Bernardus Gailliardi, Bernardus Gabons, Cristinus
1058 2574 5126 2659 Grolerii, Petrus Textoris, Johannes Textoris, Vincentius de Donziaco, Johannes de Claromane,  Perraudus Grolerii, Johannes de Quinciauz, Benedictus de Bosco, Bernardus
1050 2692 5136 2771 Monteniers, Colausus de Donziaco dictus Estevenoire, Guillelmus Plantechol, Perroninus textoris, Hymbertus filius Guichardi de Donziaco, Bernardus
1060 2802 5144 2883 de Aziaco, Michael de Varengiis, Guillelmus Troilliars, Robertus Claysiers, Perroninus de Orto, Pervuus Johannes, Martinus de Ponte, Stephanus Chafailli¬
1046 2917 5146 2992 arz, Johannes de Bosco, Stephanus de Massilliers, Julianus Grolerii, Michael Pelliparii, Benedictus de Bayssy, Johannes de Chamont, Martinus Pontius, Johannes
1066 3015 5136 3108 dictus Merede, Martinus de Salornay, Johannes Chivroteraz, Johannes de Corremetayz, Thomas Gruaz, Johannes Landris, curatus Sancti Mailoli, domini
1054 3108 5164 3217 Guillelmus Mosserii, Johannes Boitouz presbiteri, Perraudus Chivignioz, Hugoninus Galioz, Girardus Grolerii, Guichardus Geliers, Matheus de Castris, Humbertus
1062 3222 5140 3341 des Fiez dictus Ronziaz, Hugo eius filius, Stephanus de Soloigniaco, Bernardus Vincentii, Guillelmus de Motiers, Johannes Portegauz, Perronetus
1054 3338 5154 3455 filius Richon, Hugo Vicomis, Johannes Borrelaz, domni Perisetus vicarius Beate Marie de Panello, Sephanus Textoris presbiteri, Guichardus vicarius Sancti Mar¬
1052 3436 5124 3559 celli, presbiter Guillelmus Chivroterii, Johannes de Bello Visu dictus Mechefeya, Guillelmus Gabini, Benedictus Groulerii, domini Guichardius Freperii, Bertholous
1042 3556 5138 3677 de Pasquerio presbiteri, Poncetus Savioz, Bernardus de Porta Magna, Stephanus Tegularii, Bertholdus Judei et Stephanus de Treffortio, Johannes Bonnitis,
1042 3664 5130 3785 Martinus de Alto Jugo, Gaufredus Grolerii, Robertus de Manisiaco, Guillelmus Coilliez, Gaufredus Bergerons, Thomas Barons, Hugo Piquardi,
1064 3770 5136 3895 Laurentius de Plantis, Petrus Ogerii, Symon de Panello, Stephanus Machefer, et Giletus de Blanziaco. Omnes predicti superius nominati habitato¬
1064 3873 5152 3996 res ville Cluniacensis unanimes et concordes ex certa scientia sua et spontanea voluntate venientes in logiis ecclesie Cluniacensis coram reverendo in
1056 3982 5128 4108 Christo patre ac domno Henrico divina permissione abbate Cluniacense, eidem domno abbati omnes predicti superius nominati et singuli eorumdem coram dicto mandato
1064 4084 5124 4204 nostro super sancta dei evangelia tacto libro et extractis caputiis juraverunt et per juramenta sua prestita promiserunt predicto domno abbati se esse
1056 4182 5200 4317 fideles et etiam custodire vitam et membra ipsius domni abbatis custodire et servare, et pro posse suo tueri et defendere contra omnes a quibuscumque personis,
1068 4280 5150 4421 et in omnibus et per omnia honorem ipsius procurare et servare utile et bonum ac sanum consilium cum ab ipso super hoc requisiti fuerint, sibi dare
1080 4388 5198 4527 contra omnes consilium et secretum ipsius nemini revelare, contra omnes malefactores ipsius et ecclesie Cluniacensis se opponere toto posse suo, et jura, juridictiones, dominia
1080 4493 5192 4645 dicte ecclesie defensare, secreta ipsius celare sicut secreta domni sui, de cetero nullas conspirationes, juramenta vel conventiones clam vel palam
1088 4585 5184 4765 facere contra ipsium vel ecclesiam Cluniacensem aut conventu ejusdem loci, immo prefato domno abbati et suis successoribus universis perpetuo et fideliter
1104 4692 5144 4865 obedire, in omnibus licitis et honestis, quando et quociens super hoc sive super hiis fuerint requisiti. Hec autem omnia et singula acta fuerunt coram dicto
1080 4796 5156 4979 mandato nostro, anno Domini millesimo .ccc°. nono die dominica post festum beati Georgii in logiis predictis, presentibus venerabile viro magistro Rey¬
1102 4894 5204 5087 naudo de Vallibus archidiacono Altisiodorense, domno Guillelmo Dalmacii canonico et camarario ecclesie sancti Petri Matisconensis, domno Henrico de Brancidu¬
1088 4990 5158 5195 no milite et Landrico ejus filio, Guioneto Julioti et Petro de Curtis clericis et pluribus aliis ad hoc vocatis testibus specialiter et rogatis in
1088 5088 5130 5309 logiis supradictis. Et super predictis petiit a me predicto notario dictus domnus abbas confici publicum instrumentum sub communi
1108 5184 5178 5419 sigillo domni regis in baillivia Matisconense constituto. In cujus rei testimonium nos predictus Bernardus de Valle cum nobis constet de premissis
1096 5292 5190 5521 per relationem dicti jurati nostri cui super hiis et aliis fidem plenariam adhibemus sigillum commune predictum litteris presentibus duximus
1103 5446 3355 5617 apponendum. Datum et actum testibus predictis presentibus loco et die predictis.
3402 5392 5036 5590 Ita fuit actum in mei presentia Stephani balli
3428 5530 5020 5683 clerici notarii et testium supradictorum vocatorum
3380 5634 4832 5759 et rogatorum, sub hoc signo meo.
