5191 6307
564 261 4618 328 In nomine Domini amen. Per hec presens publicum instrumentum cunctis pateat evidenter quod, anno Domini millesimo trecentesimo sexagesimo indictione .xiiiia. et die ultima mensis octobris pontificatus sanctissimi patris et domini
562 315 4594 393 nostri domini Innocentii divina providentia pape .vi. anno octavo, in mei notarii publici et testium infrascriptorum ad hoc rogatorum specitaliter et vocatorum presencia personaliter constituti reverendus in Christo pater et dominus dominus Andruynus Dei
546 367 4602 441 gracia abbas Cluniacensis Matisconensis diocesis nomine suo proprio et venerabilis et religiosus vir magister Symon de Brossa doctor in theologia prior prioratus Sancti Cristofori in Hallata, ordinis Cluniacensis, Belvacensis diocesis, procurator
542 417 4601 486 venerabilium et religiosorum virorum conventus dicti Cluniacensis monasterii, habens ad infrascripta omnia et singula plenariam potestatem et mandatum speciale a dicto conventu, prout in quodam publico instrumento inde confecto, cujus
550 465 4598 530 tenor talis est, et sequitur in hec verba. In nomine Domini, amen. Per hoc presens publicum instrumentum cunctis pateat evidenter, quod anno Domini millesimo trecentesimo sexagesimo, indictione tertiadecima, et die veneris decima mensis julii,
562 516 4590 590 pontificatus sanctissimi patris et domini nostri, domini Innocentii, divina providentia pape .vi., anno ottavo, in mei notarii publici et testium subscriptorum ad hoc vocatorum specialiter et rogatorum presencia, personaliter constituti reverendus in Christo pater
550 570 4614 644 et dominus dominus Andruynus, Dei gratia abbas monasterii Cluniacensis, Matisconensis diocesis, totusque ejusdem loci conventus, congregati ad sonum campane, more eorum solito, in capitulo dicti monasterii, hora capitulandi, ex certa sciencia, unanimiterque
554 629 4578 700 et concorditer suos fecerunt, constituerunt et ordinaverunt, faciuntque, constituunt, et ordinant procuratores generales et certos nuncios speciales, venerabiles et religiosos viros, dominos et magistros Hugonem Lewensis, Symonem de Brossa Sancti Christofori
562 685 4578 758 in Hallata, Petrum de Courbeton de Grandicampo, sacre pagine professores, Droconem Roydent Sancti Lupi de Asserento, Guillermum de Capella de Ynimonte prioratuum priores ordinis Cluniacensis et eorum quemlibet in solidum, ita quod non sit
556 739 4568 819 melior condicio occupantis, nec deterior subsequentis, sed quod unus eorum inceperit, alter mediare valeat terminare et finire, dantes eisdem procuratoribus suis et cuilibet eorumdem in solidum, plenariam potestatem et mandatum speciale,
548 800 4616 874 nomine dictorum dominorum constituentium et pro ipsis arrendandi, adcensandi, seu ad censam aut firmam dandi et tradendi ad certum tempus, vel ad vitam unius hominis vel plurium, quatuor sua maneria in regno Anglie consistencia,
544 854 4596 926 ad ipsos dominos constituentes et eorum monasterium predictum spectancia, videlicet, manerium de Ledecombe Regis, manerium de Ouforde Clugny, manerium de Mantonne et manerium de Tikesor, cum omnibus suis juribus et per-
552 909 4600 983 tinentiis universis ipsorumque et cujuslibet eorumdem regimen et administrationem committendi, ad tempus seu vitam, prout ipsis procuratoribus aut eorum alteri visum fuerit utilius faciendum, uni vel duabus aut pluribus personis,
536 970 4580 1039 regularibus vel secularibus, nobilibus vel non nobilibus, cujuscunque status aut condicionis extiterint, pro summa vel sumis, semel pro toto tempore arrendamenti, vel annuatim, solvenda vel solvendis, sub pactis, conventionibus, conditioni¬
532 1028 4580 1095 bus et promissionibus que ipsis vel eorum alteri pro dictis domino abbate et conventu et successoribus suis videbuntur meliores, necnon premissa omnia et singula et dependentia seu emergentia ex eisdem et quolibet eorumdem faciendi, tenendi
542 1086 4590 1149 et complendi, ac promictendi et jurandi nomine dictorum constituentium, sub fideidationibus et aliis, prout materie negocium et effectus cause requirent, hec et alia omnia et singula complendi et inviolabiliter observandi ; et propter
530 1144 4578 1209 hoc bona ipsorum dominorum constituentium quecunque, et dicti monasterii presentia et futura obligandi, jurisditionique et compulsioni camere apostolice et aliarum curiarum ecclesiasticarum et secularium quarumcumque submittendi, ac omnia alia et
540 1202 4576 1262 singula faciendi, que circa premissa et quodlibet premissorum neccessaria fuerint, vel etiam opportuna et que ipsi domini constituentes facerent et facere possent, si presentes et personaliter interessent, eciam si mandatum exigerent speciale. Pro¬
532 1250 4596 1304 mittentes dicti domini constituentes, bona fide et sub ypotheca et obligatione omnium bonorum suorum predictorum, michi notario publico infrascripto tanquam persone publice stipulanti et recipienti, ad opus omnium quorum interest, vel intererit, aut
538 1302 4584 1338 interesse poterit, quomodolibet in futurum, se ratum, gratum et firmum perpetuis temporibus habiturum, quicquid per dictos procuratores suos et eorum quemlibet factum, arrendatum, adcensatum, seu ad firmam traditum fuerit, seu alias quomodolibet
538 1347 4602 1396 concordatum in premissis et quolibet premissorum. De quibus omnibus et singulis supradictis, predicti domini constituentes petierunt cum instantia per me notarium publicum infrascriptum, sibi et dictis suis procuratoribus fieri publicum instru¬
538 1395 4603 1454 mentum. Acta fuerunt hec apud Cluniacum, in capitulo predicto, et hora capitulandi prout supra, sub anno, indictione, die, mense et pontificatu supradictis, presentibus discretis et providis viris, Johanne de Chives domicello dicti domini
534 1450 4582 1513 abbatis, et Baudeto scriptore in monasterio Cluniacensi, apud Cluniacum commorantibus, testibus ad premissa vocatis specialiter et rogatis. Et ego, Baudetus Renaudini de Quercu, clericus Remensis diocesis, publicus auctoritate apostolica notarius,
546 1502 4600 1571 dictorum procuratorum constitutioni et ordinationi, ac omnibus aliis et singulis suprascriptis, dum per dictos dominos abbatem et conventum, ut premittitur, agerentur, una cum prenominatis testibus presens fui, eaque omnia et singula manu
522 1560 4590 1627 propria scripsi et publicavi, et in hanc publicam formam redegi, et hic me subscripsi, signoque meo solito signavi, rogatus et requisitus in testimonium omnium premissorum. Plenius continetur. Nomine procuratorio predicto, ad censam
542 1614 4598 1688 seu firmam dederunt, tradiderunt et concesserunt, et ex causa vere et legitime ac pure firmationis et adcensationis tradunt et cedunt nobili et potenti viro domino Nicholao de Tilbord, militi Anglico, presenti, et domine Johanne ejus
534 1670 4602 1748 uxori, et cuilibet eorumdem maneria seu domos infrascripta, situata in Anglia, ad dictos dominos, abbatem et conventum et ecclesiam Cluniacensem spectancia, videlicet de Ledecombe Regis, de Ouford Clugny, de Manconne et de Tikesorio,
530 1723 4586 1808 cum eorum membris, domibus, grangiis, appendiciis, altaque media et bassa jurisdictione, si sit ibi possessionibus, redditibus et proventibus, juribus et pertinentiis universis, quecunque sint et quocunque nomine censeantur, tenenda et possidenda
542 1773 4590 1870 a dictis conjugibus et eorum quolibet, quamdiu vixerint et vitam duxerint in humanis, pro precio septingentarum et quinquaginta librarum sterlingorum, bonorum et legalium, prout nunc currunt in cambiis Londoniensibus, semel solvendorum
524 1829 4620 1933 per dictos conjuges, aut eorum alterum, in monasterio Cluniacensi predicto domino abbati, vel ejus procuratoribus ad hoc specialiter ab eo deputatis, hinc ad festum purificationis beate Marie Virginis proximum et immediate venientem ; et una cum hoc, solvent
528 1886 4612 1992 dicti conjuges aut eorum alter et solvere tenebuntur et debebunt, singulis annis, quamdiu vixerint, vel eorum alter, pro annua pensione seu redditu annuo dictorum maneriorum, prefato domino Cluniacensi aut successoribus suis, aut deputatis ab ipsis
528 1937 4611 2046 in festo sancti Pancracii, apud prioratum Lewensem, Cluniacensis ordinis, viginti florenos auri de Florentia, boni et legitimi ponderis, vel aliam monetam aut florenos ad valorem dictorum viginti florenorum. Acto tandem et expresse convento
528 1988 4598 2108 inter dictas partes, nominibus quibus supra, quod dicti conjuges et quilibet eorum maneria predicta ac domos, possessiones, terras, prata, nemora, stangna, grangias, et omnia alia edificia, ad ipsa maneria et quodlibet ipsorum pertinentia, fideliter
530 2056 4629 2170 excolere facient et laborare temporibus oportunis, prout expediens fuerit pro necessitate et utilitate dictorum conjugum, maneriorumque et terrarum predictorum ; ipsaque edificia manutenebunt in statu in quo sunt, vel meliori ; decimasque ac
514 2108 4606 2228 procurationes legatorum et alia onera ordinaria et extraordinaria, que occasione dictorum maneriorum aut alterius eorumdem solvere ac supportare contigerit, semel, pluries aut annuatim, integraliter supportabunt, quamdiu ipsi conjuges aut eorum alter
540 2165 4594 2283 tenebunt in suis manibus maneria supradicta. Et si dicti conjuges vel eorum alter in dictis maneriis aut eorum altero, fieri facerent aliqua edificia de novo seu reparationes aut possessiones ad ipsa maneria pertinentes meliorarentur, in
524 2222 4614 2343 manibus conjugum predictorum dicta edificia sic de novo facta, et melioratio possessionum hujusmodi, post decessum dictorum conjugum amborum erunt et remanebunt, ac pure et libere revertentur, et reverti debebunt, ad manus dictorum
528 2275 4610 2402 dominorum abbatis aut successorum suorum ac conventus supradictorum, absque eo quod dicti conjuges aut eorum alter, vel eorum heredes, aut alius, possint aut debeant occasione dictorum edificiorum sic de novo factorum aut meliorationis ipsorum, aliquid
524 2330 4614 2459 petere aut exigere a dictis dominis abbate et conventu aut successoribus suis ; ymo dicta maneria cum eorum pertinentiis universis, edificiis et ceteris eorum possessionibus, post mortem dictorum amborum conjugum, ad manus dictorum dominorum
520 2383 4606 2520 Cluniacensium aut successorum suorum et conventus, quitta et immuna ab omni debito facto tempore dictorum conjugum vel alterius ipsorum ac onere, pure et libere, non computatis expensis edificandi seu meliorandi, revertentur et
528 2438 4628 2577 reverti debebunt, etiam si predicta laborata, seminata et cultivata fuerint, et in quocunque alio statu extiterint ; et in eodem statu dicti domini abbas aut successores sui ac conventus vel eorum procuratores aut deputati apprehendere po¬
520 2499 4621 2633 terunt et intrare, auctoritate propria, absque aliqua difficultate seu contradictione, sicut faciebant et consuerant ante conventiones antedictas, non obstante quocunque lapsu temporis, continuabuntque possessiones suas, sicut facerent,
516 2559 4631 2691 si per aliquem monachum dicti ordinis Cluniacensis dicta maneria possessa et gubernata continue extitissent. Ita tamen quod si in dictis maneriis vel aliquo ipsorum sint aliqua mobilia, tempore decessus dictorum conjugum, dicta mobilia
512 2618 4628 2755 per eorum heredes recipi poterunt et levari, illis tamen salvis et exceptis que per inventarium ibidem reperientur, et que dimittere tenebuntur. Et si dicta maneria essent de presenti alicui alteri adcensata, propter hoc non remanebit
520 2675 4624 2813 quin predicta et infrascripta, omnia et singula, debeant in suo robore remanere. Sed dicti conjuges dictam censam tenebunt ac dicta maneria cum eorum pertinentiis et juribus universis recuperare procurabunt, modo quo poterunt me¬
520 2729 4610 2871 liori, eorum tamen propriis sumptibus et expensis ; ipsique conjuges aut eorum alter recipient fructus, emolumenta seu pensionem, quos et que, durante hujusmodi firma seu censa, prefati domini abbas et conventus aut aliquis pro
512 2782 4598 2929 ipsis, anno quolibet, reciperent. Et, finita dicta censa, dicti conjuges aut eorum alter recipient dicta maneria cum eorum juribus et pertinentiis universis, prout superius est expressum. Item actum fuit et conventum inter partes, nominibus
512 2830 4614 2983 quibus supra, quod dicti conjuges aut eorum alter, quolibet anno, in festo sancti Pancracii, per se vel procuratores suos ad hoc legitime constitutos, in dicto prioratu Lewensi modum et formam retentionis et traditionis dictorum maneriorum
516 2884 4618 3041 recognoscent, et recognoscere tenebuntur, coram priore dicti prioratus Lewensis aut vicario dicti domini abbatis in Anglia constituto seu deputato ab aliquo ipsorum in presentia trium vel quatuor religiosorum aut aliorum fidedignorum,
512 2941 4608 3103 quos dicti prior aut vicarius vel deputatus evocare voluerint ac camerarium seu vicarium dicti domini abbatis, vel deputatos ab ipso, cum ipsos ad dicta maneria seu aliquod ipsorum causa visitationis ibidem faciende declinare contigerit,
512 2991 4626 3163 semel in anno, per unam vel duos dies dumtaxat, graciose et honeste recipere, eisque et sue familie ac equis, victualia neccessaria ministrare tenebuntur, eisque expresse ac sigillatim ostendere statum maneriorum predictorum et cujuslibet
512 3045 4610 3221 eorumdem. Dictique conjuges et eorum quilibet, quamdiu dicta maneria tenebunt, pro defensione dictorum maneriorum et ipsorum jurium privilegiis, graciis et libertatibus quibuscunque ordini Cluniacensi datis et concessis, vel dandis aut
516 3105 4632 3275 concedendis, gaudere poterunt et uti, quemadmodum et uti deberent, vel gaudere monachi dicti ordinis, si dicta maneria possiderent. Item actum fuit et per dictum militem concordatum, quod, si ipse aut ejus uxor deficerent in solutione dictarum
498 3166 4618 3318 septingentarum quinquaginta librarum Sterlingorum, in dicto festo Purificationis, ut premittitur, solvendarum, quod ipsi aut eorum alter, pro qualibet die sequenti dictum festum, solvere teneantur et debeant dictis dominis abbati et conventui
490 3212 4661 3376 decem solidos Sterlingorum occasione et in pena solutionis dicte summe, quamdiu a solutione dicte summe septingentarum quinquaginta librarum cessabunt. Item actum fuit et conventum, quod prefati domini abbas et conventus instabunt pro posse apud
486 3263 4663 3435 dominum regem Anglie predictum, pro licencia obtinenda ad hoc quod dicta maneria in personas dictorum conjugum transferantur. Et si hujusmodi licenciam obtinere non possunt, quod nichilominus stabit presens tractatus in suo robore, hoc mediante et
490 3304 4630 3490 non aliter quam de annuali pensione soluta, de licentia et voluntate regis Anglie predicti, dictis dominis abbati et conventui, a pluribus annis citra non obstante guerra ; iidem domini abbas et conventus dictis conjugibus facient responderi et sibi solvere
498 3353 4654 3547 cum effectu. Et presentem firmam seu traditionem dictorum maneriorum, dictus dominus abbas per se et predictum conventum Cluniacensem, infra festum Purificationis predictum approbari, ratifficari et confirmari faciet cum effectu, suis
506 3412 4634 3611 sumptibus et expensis ; et cum hoc eandem firmam per sedem apostolicam infra festum beati Johannis Baptiste immediate subsequens approbari, ratifficari et confirmari facient, si sit opus, suis propriis sumptibus, misiis, et expensis.
502 3476 4626 3669 Simili quoque modo dicti conjuges sustinebunt expensas, quas pro hujusmodi firma apud dictum regem Anglie seu ipsius curiam contigerit, forsitan sustinere pro procuratione translationis eorumdem maneriorum in personas con¬
494 3543 4654 3725 jugum predictorum. Que premissa omnia et singula, predicti domni abbas et procurator, nominibus supradictis, in quantum ipsos et conventum predictum tangunt et tangere possunt, promiserunt, fide data in manibus mei, notarii pu-
494 3610 4618 3781 blici infrascripti, et sub obligatione omnium bonorum suorum et dicti monasterii quoruncunque presencium et futurorum, tenere, observare et inviolabiliter adimplere. Supponentes, quo ad hec, se et dicta bona cohertioni et compulsioni
486 3682 4622 3838 camere domini nostri pape et scacarii dicti domini regis Anglie et cujuslibet alterius curie ecclesiastice et secularis. Dictusque dominus Nicholaus, suo et uxoris sue nomine, pro qua se fortem fecit et promisit eidem auctoritatem, assensum
494 3752 4630 3896 et consensum prebere, prout et ex nunc prebet et prebuit per presentes, et ipsam facere obligari cum eodem, infra dictum festum Purificationis, et litteras super ipsa obligatione confectas transmittere et effectualiter facere
482 3817 4638 3955 assignari dicto priori Lewensi infra festum Pasche post dictum festum Purificationis immediate venturum, ad tenendum et observandum omnia supradicta ; etiam fide data ut supra, promisit premissa omnia et singula, tenere, servare,
486 3875 4654 4013 solvere, adimplere et inviolabiliter observare, modis et condicionibus ac terminis supradictis, et non contravenire per se, vel alium, seu alios quomodolibet in futurum. Pro quibus omnibus et singulis supradictis, ut premittitur, sol¬
486 3939 4654 4073 vendis et integraliter adimplendis, prefatus dominus Nicholaus, nomine quo supra, obligavit se ipsum, uxorem suam, et heredes et successores suos quoscunque, prefatis dominis abbati et conventui, omnia bona sua et dicte uxoris sue ac here¬
478 4002 4663 4136 dum et successorum suorum predictorum, mobilia et immobilia, presentia et futura, ubicunque sint et poterunt inveniri ; supponens se propter hoc, uxorem et heredes ac successores suos et bona predicta, jurisdictioni et compulsioni quibus
486 4077 4662 4195 supra ; et volens ac expresse consenciens, quod si ipse aut dicta uxor sua predictas summam et pensionem annuam non solverint, ut est dictum, in terminis et locis superius expressatis, quod quocunque tempore et quociens dictis dominis abbati
482 4140 4650 4255 et conventui videbitur expedire, cogi et compelli possint omnibus viis et modis, quibus melius et fortius fieri poterit, per quascunque curias ecclesiasticas et seculares. Renunciantes expresse dicte partes, nominibus quibus supra,
482 4208 4662 4317 in hoc facto, omni exceptioni premissorum omnium et singulorum, non sic factorum et concordatorum, reique ita non geste et non habite, omni exceptioni, doli, mali, fraudis, lesionis et deceptionis cujuscunque, omni appellationis remedio,
478 4276 4650 4378 omni privilegio crucis indulto et indulgendo, omni exceptioni et defensioni rei et juris canonici et civilis, omni juri dicenti generalem renunciationem non valere, nisi specialis precedat, ac omnibus aliis exceptionibus,
458 4344 4652 4440 cavillationibus, cautelis, defensionibus et deceptionibus quibuscunque, juris et facti, que contra premissa aut premissorum aliquod possent obici vel opponi in futurum. De quibus omnibus et singulis suprascriptis, predicte
458 4399 4666 4499 partes, nominibus supradictis, petierunt per me notarium publicum infrascriptum sibi fieri publicum instrumentum. Que fuerunt acta apud Calesium, Morinensis diocesis, in domo habitationis prefati domini abbatis, sub anno, in¬
464 4459 4656 4557 dictione, die, mense et pontificatu supradictis, presentibus venerabilibus et discretis viris, domino Egidio de Ulcheyocastro, canonico Suessionensi, Jacobo Arnaldi de Holoma, ac Baudetus Ruffi de Trigniaco, clericis Leodiensis et Remensis diocesium,
468 4521 1664 4611 ac pluribus aliis testibus ad premissa vocatis, specialiter et rogatis.
654 4702 4672 4793 Et ego Baudetus Renaudini de Quercu, clericus Remensis diocesis, publicus auctoritate apostolica notarius, premissis omnibus et singulis, dum per dictos dominos abbatem et procuratorem ac militem fierent et agerentur, una
813 4759 4670 4851 cum prenominatis testibus presens fui, eaque omnia et singula manu propria scripsi, et in hanc publicam formam redegi et publicavi, signoque meo solito signavi, una cum appensione sigillorum dictorum dominorum
820 4832 2102 4918 abbatis et procuratoris, in fidem et testimonium omnium premissorum.
