5191 7420
594 879 4348 991 Universis presentes litteras inspecturis et audituris, Johannes de Prato, cantor et canonicus Ennaziaci, tenens apud Cornonium sigillum
616 966 4350 1082 curie Pontiscastri illustrissimi principis et domini domini Johannis filii condam domini nostri regis Francie ducisque Biturie et Arvernie, in Arvernia constitutum,
610 1054 4310 1172 salutem in Domino. Noveritis quod coram dilecto nostro Geraldo Drucghan presbitero fideli, notario curie predicte jurato a nobis adhec omniaque sequntur
618 1151 4364 1260 audienda et recipienda vice et auctoritate nostra specialiter misso et destinato cui nos quantum ad illa que sequntur comisimus et adhuc tenore presentium
618 1242 4292 1348 litterarum comittimus totaliter vices nostras personaliter constitutus Johannes Auxeleti(?) de Sinemuro, canonicus Vertasionis, sponte, scienter ac provide,
594 1337 4278 1439 vendidit et titulo pure, perfecte, perpetue, simplicis et irrevocabilis venditionis habere voluit, concessit et tradidit, seu quasi religioso et
614 1421 4336 1529 honesto viro domino Rotberto de Furno monacho Celciniarum ac sacrista Chauriaci presenti et venditionem hujusmodi et omnia alia in presentibus
620 1522 4361 1625 litteris contenta per se et suis futuris successoribus sacristis Chauriaci im perpetuum recipenti ac stipulanti per aliis servitoribus ejusdem loci Chauriaci
606 1618 4298 1715 precio octo librarum turonensium hodie comitarum currentium sibi venditori per dictum emptorem solutarum, traditarum et delibatarum realiter et de
602 1709 4340 1807 facto nomine solutionis dicti precii et ex causa venditionis hujusmodi in bona peccunia legittime numerata, ut idem venditor coram dicto jurato
604 1795 4320 1897 asseruit super quibus et de quibus quidem octo libris dicte monete sic solutis ut est dictum prefatus venditor eumdem emptorem presentem
604 1887 4352 1990 et recipientem per se et suis quittavit, liberavit penitus perpetuoque absoluit. Pactum quod fecit idem venditor eidem emptori et suis im perpetuum
610 1990 4362 2091 purum, perfectum, perpetuum, validum et expressum cum sollempni stipulatione vallatum, videlicet de non petendo aliquid a modo ab eodem emptore
608 2089 4304 2182 nec a suis et de non agendo nec monendo de cetero littem, causam seu calunpniam contra dictum emptorem neque suos ratione vel occasione
602 2179 4344 2270 dictarum octo librarum aut alterius earumdem in judicio atque extra, videlicet quoddam columberium cum quibusdam terra et aysimentis et aliis
586 2268 4296 2371 suis juribus et pertinentis universis que sita sunt in territorio dal Portal de las Planchas juxta vias communes a duabus partibus et canaberiam Guillelmi
596 2366 4456 2469 Vassel ex parte altera et asinum seu canaberiam hereredum Bertrandi Rirant ex alia parte, movente predicta vendita de dominio et censiva domini prioris Celciniarum
596 2462 4350 2563 ad certum censum pro eodem percipi consuetum que vero predicta omnia vendita jam confirmata dominus Claromontensis episcopus olim dederat dicto Johanni
598 2559 4282 2659 venditori ut idem Johannes asseruit et nichilominus promisit et juravit idem venditor se traditurum et rediturum ac delibaturum dicto emptori
602 2654 4363 2759 litteras sibi concessas a dicto domino super dicta donatione confectas. Cedens et mandans dictus venditor dicto emptori et suis futuris successoribus sacristis
600 2744 4272 2853 dicti loci Chauriaci et in ipsum emptorem et suos totaliter et im perpetuum transferens, videlicet predicta vendita superius declarata, confirmata et expressata, et
618 2847 4338 2940 totum jus et actionem quod habet in eisdem. Faciens et constans idem Johannes venditor eumdem emptorem presentem et recipientem pro se et suis successoribus
594 2933 4344 3033 procuratorem et verum dominum super predictis venditis superius declaratis et expressatis et in rem suam et suorum perpetuo constitutis, quod etiam idem venditor
598 3034 4310 3133 se possidere seu quasi predicta vendita superius declarata et expressata nomine et ad opus dicti emptoris et suorum successorum sacristarum et servitorum
608 3116 4298 3225 dicti loci donec et quousque dictus emptor possetionem predictorum apprehendet et nuperis fuerit corporalem. Quam voluit et concessit idem
600 3205 4318 3318 venditor quod dictus emptor quandocumque voluerit et sibi placuerit auctoritate sua propria per se vel per alium seu alios ejus nomine habeat, apprehendat
612 3303 4336 3416 et deinceps detineat apprehensam nomine super hoc requisito et nullius expetata licentia vel mandata. Dessaziens et deinvestiens se dicens venditor
612 3396 4346 3514 de predictis venditis superius confirmatis et declaratis tenore presentium litterarum rogansque insuper et requirens prefatus venditor dominum censivarum cujus
598 3486 4374 3608 dominio et censiva movet et tenetur ut ipsum emptorem presentem et recipientem saziant et investant de predictis venditis ad requestam dicti emptoris absque aliqua
608 3567 4350 3705 deinvestitione quacumque. Hodie vero videlicet die date presentium litterarum prefatus dominus Rotberis emptor voluit et concessit et in cocessis[sic] presentium quod predicta
630 3666 4378 3792 per ipsum empta superius confirmata ut concurrenta post ejus mortem sint et remaneant sacriste dicti loci Chauriaci qui tunc fuerit sacrista dicti loci
613 3752 4371 3882 in et sub tali conditione, quod idem sacrista qui tunc fuit post mortem dicti emptoris debeat et teneatur facere et administrare anno quolibet servitoribus
622 3841 4258 3974 ecclesie Chauriaci qui interfuerint unum aniversarium pro animabus dicti domini Rotberti emptoris et parentum suorum et celebrare missas in eadem ecclesia
627 3940 4438 4076 Chauriaci secundum quantitatem dictorum servitorum et etiam facere dicte alia divina officia mortuorum quolibet anno die mercurii ante festum beati Georgii
622 4037 4342 4172 si sacrista qui pro tempore fuerit sacrista dicti loci predicta acceptare et complere voluerit . Et in casu in quo idem sacrista acceptare nollet, ille qui
614 4131 4266 4264 tunc fuerit rector parrochialis ecclesie ville predicte Chauriaci seu vicarius perpetuus voluit et concessit idem emptor quod predictus rector seu vicarius perpetuus
610 4222 4364 4371 possit et sibi liceat accipere possetionem predictorum venditorum per se et aliis servitoribus dicti loci absque licentia aliennus[pro alienius] ad finem ut predicta superius declarata
622 4308 4320 4473 per ipsos servitorum et eorum quemlibet certius valeant, adimpleant et melius teneantur rogare pro animabus predictis et quod melius administretur eisdem servitorum
622 4404 4354 4567 omnia et singula que in talibus anniversariis fuerint et fuerunt oportuna seu necessaria et ita voluit et concessit idem emptor in cessarum presentium litterarum eorum
614 4498 4298 4679 notario supra dicto et testibus infrascriptis. Et sic promisit idem Johannes venditor sub obligatione expressa ypotheca omnium et singulorum bonorum
612 4599 4342 4783 suorum mobilium et immobilium presentium et futurorum et juravit ad sancta Dei ewangelia manualiter tacta se predicta omnia et singula ac
622 4695 4370 4877 subsequentia attendere, tenere firmiter et inviolabiliter observare, et contra de cetero per se vel per alium seu alios non facere, dicere nec venire seque non fecisse
636 4787 4270 4974 nec dixisse non facturus aut dicturus esse aliquid a modo quominus predicta omnia et singula ac subsequentia semper habeant et obtineant plenum
628 4879 4342 5068 robur et perpetuam firmitatem, et se in expensis suis propriis deffensurum dicto emptori et suis im perpetuum perdicta vendita superius declarata a se et
620 4973 4346 5160 a suis et a toto facto suo et suorum perpetuo in judicio et extra, et se traditurum eidem emptori et suis dictas litteras sibi concessas a domino Claromontense episcopo
610 5067 4322 5261 super predictis concessis ut est superius annotatum. Et renunciavit dictus venditor in hoc facto cum juramento exeptioni dicte venditionis non facte et
620 5167 4330 5355 sive cum facte et omnium aliorum premissorum non factorum et dicti precii non habiti nec recepti spei que future habitionis et receptionis et exeptioni doli,
612 5267 4350 5455 mali, fori, vis, metus, lesionis, erroris et deceptionis cujuslibet et accioni in factum, et omni juri scripto et non scripto, canonico et civili, usatgio privilegi
640 5356 4450 5547 et consuetudini cuicumque et juri per quod deceptis, contrahentibus et non decipientibus subvenitur et juri dicenti quod juri quod nondum competit renunciari
632 5458 4278 5645 non potest ac juri dictienti generalem renuntiationem non valere nisi precesserit specialis. Et voluit et concessit idem venditor se et suos posse et debere
646 5553 4362 5731 compelli a nobis vel ab illo qui pro tempore fuerit loco nostri per captationem et distractionem omnium et singulorum bonorum suorum mobilium et immobilium
634 5653 4428 5827 presentium et futurorum et absque monitione et licentia cujus predicte precedentibus quibus idem venditor renuntiat expresse ad accendendum predicta quocumque
634 5747 4382 5929 privilegio non obstante. In cujus rei testimonium ad relationem dicti notarii nobis litteratorie refferentis predicta omnia coram ipso vice et auctoritate nostra sit acta
640 5844 4346 6027 fuisse et concessa, testibus hiis presentibus Petro Minguet, Pellipio et Petro Chassanonh dicti loci Chauriati, cui notario ejusque relationi ab eo
642 5937 4412 6121 nobis super et de premisse facte fidem adhibentes dictum sigillum hiis presentibus litteris duximus apponendum salvo jure dicti domini ducis et quolibet alieno.
662 6031 4358 6205 Actum et datum die mercurii ante festum beati Georgii, anno Domini millesimo trescentesimo sexagesimo septimo. Constat nobis de rasuris supra
636 6131 4344 6301 contenentibus Auxeleti(?), datum die et anno quibus supra. G. Drucghan. Ita est.
