5191 6860
224 2285 5040 2355 Nos Nicholaus Galli, licentiatus in legibus, consiliarius regius, locumtenens generalis nobilis et potentis viri Ludovici domini de Chantemerle et de Clayete militis,
270 2375 5064 2445 consiliarii et cambellarii domini ducis Burgundie, baillivi et judicis regis Matisconis, notum facimus universis presentes litteras inspecturis quod, anno Domini millesimo quadringentesimo
252 2455 4946 2523 sexagesimo secundo, die martis post nuper et ultime lapsum festum Purifficationis beate Marie Virginis octava mensis januarii hora tertia, comparuit coram nobis in
274 2519 5115 2601 judicio curie dicti domini baillivi et judicis regis, videlicet in camera consilii castri Matisconis, ubi tunc ad expediendum causas dicte curie sedebamus, discretus vir Johannes de Monasteriis
260 2605 5072 2685 regius notarius et curie predicte juratus, procurator generalis dominorum abbatis et conventus Cluniaci, pro ipsi de procuratoris sufficiens fondatus, exhibens et presentans quasdem
255 2679 5001 2764 patentes licteras in pargameno descriptas et sigillo comitatus Armigniaci, qui pro tempore erat in cera rubea impendente sigillatas, quarum licterarum tenor sequitur.
256 2759 5020 2843 Jehan d'Armaignac, sires du conté et baronie de Charrelois, savoir faisons a tous que, comme nous sayons en saisine et vraie possesion de prendre, avoir, lever et exiger
250 2835 5024 2943 par tout nostre dit conté et baronie, par cause de ressort et de soverainneté, les biens tant meubles que heretages de tous les bastars et bastardes deffaillens sens
249 2909 5034 3029 heretier de leurs corps fermez en mariage, et pour ainsi et par ladite cause, nous usissiens et heussiens acostumé user ou prioré, ville et terre de Paroy estans de nostre dit
244 2986 4958 3109 ressort et souverainneté. Pour c'est il que nous, pour l'amour que nous avons et portons a l'eglise de Cluny, a laquelle sens moyen appertient ledit prioré et
254 3063 5096 3177 eglise de Paroy, et pour contemplation d'aulcuns plaisirs que nous a fait reverens peres en Dieu frere Jehan du Pin, abbés de Cluny, ensemble le convent dudit lieu
258 3135 5038 3248 avons quitté, remis et octroyé, donnons, quittons, remettons et delivrons pour nous et noz successeurs, de nostre grace especial et certaine, especial et certaine
237 3205 5020 3333 science, a tous jours mes audit prioré et esglise de Paroy, appartenent audit messire l'abbé de Cluny, et aus gouverneurs et ministres d'icelluy prioré, § ville et terre
236 3278 5028 3403 de Paroy, aprandre lever, cuillir et parcevoir par lesdits ministres et gouverneurs de la dite esglise de Paroy perpetuelment, mandons et commandons a noz baillis
260 3348 5000 3477 et receveur et procureur, qui sunt et seront par le temps en nostre dit conté et baronie de Charrolois, que lesdits gouverneurs et ministres facent et laissent user
258 3423 5038 3551 et joïr des diz biens de bastars et bastardes qui sens heretier, ainsi que dit est, deffaudront d'ores en avant oudit prioré, esglise, ville et terre de Paroy
241 3499 5110 3635 paisiblement et sans ce que y troublent, molestent ou empestrent aulcunement, contre lesquelles choses nous promettons en bonne foy non mie venir,
231 3579 5064 3710 mez ces choses avoir aggreables et ycelles tenir et actendre perpetuelment sans corrumpre sauf es autres choses nostre droit et en toutes l'autruy.
239 3663 5042 3792 En tesmoing de laquelle nous avons fait mettre nostre seel en ces presentes lettres, donnés et ottroyés a Cluny le .xxviie. jour du mois de juing, l'an de
256 3749 4320 3874 grace mil .ccc. septante, par monseigneur, presens messire G. de la Roche, messire G. de Siris chevaliers, maistre Mathieu de Colinges, clerc
262 3833 5098 3955 saige en droit, et autres. Dy Perchis. Qui quidem procurator post ipsarum litterarum presentationem nobis dixit et exposuit, nobis dixit et exposuit
254 3915 5042 4053 quod ipsi domini abbas et conventus de ipsis licteris in pluribus locis et partibus et contra plures personas erant acturi dubitabant que originale ipsarum
226 3993 5146 4145 literarum si illud in locis quibus se delicteris ipsis juvare habebant portari contingeret deperdi nobis propterea supplicando quatinus de ipsis licteris unum vel plures
234 4073 5106 4210 vidimus seu unum vel plura transumpta sub sigillo dicte curie fieri ordinaremus. Qua requesta per nos audita eidem tanquam rationi consone annuentes(?)
242 4159 5132 4279 visis et diligenter inspectis dictis licteris quas sanas et integras, non viciatas neque corruptas sed omni prorsus vicio carentes, comperimus de eisdem unum vel pluras
242 4249 5100 4347 vidimus seu unum vel plura transumpta sub sigillo dicte curie ipsis dominis abbate et conventui valitura et valituris quod de jure valere poterit et debebit
234 4330 5096 4429 poteruntque et debebunt pro notarium et juratum predicte curie subscriptum fieri ordinavimus et ordinamus sub hac forma. In cujus rei testimonium
250 4406 5082 4525 sigillum dicte curie regis indicatum licteris presentibus duximus apponendum. Actum et datum anno, die et hora predictis, presentibus venerabilibus et
232 4491 5145 4619 discretis viris magistris viris Humberto de Monte Firmitatis, Johanne Verperiti, Stephano Binchon, Henrico de Prato, Philipo de Fede, jurisperitis, Johanne de Montetario
229 4545 5084 4681 Johanne de Lugduno, Claudio de Brangiis notariis regiis et dicte curie juratis, et pluribus aliis in judicio astantibus coram nobis $ et eglise de Paroy que sont
246 4636 3940 4701 et seront par le temps lesdits biens a dis bastars et bastardes qui sens heretier de leurs corps deffaudront audit prioré. Datum ut supra.
1024 4820 2268 4910 Collatio fit de presente transumpto seu vidimus
1056 4890 2250 4970 ad proprium originale supra scriptarum licterarum
1076 4976 1316 5022 per me
1676 5024 2084 5080 J. Guitonis.
