7020 5191
3438 1436 4198 1515 Johanna de la Nogayreda
1080 1564 6316 1709 Noverint universi et singuli quod, anno incarnationis Domini millesimo trescentesimo sexagesimo secundo regnante domino Eduardo Dei gracia Anglie rege domino
1030 1675 6276 1814 Hubernie et Aquitanie die vicesima secunda mensis januarii, Na Johana de la Nogayreda, mollier d'en Ramon Marti, que esta el campmas de la Nogayreda
1040 1781 6280 1932 en la parroquia de Nostra Dona de Lauserta per si meycha e per totz sos heretiers e per tot son ordenh reconot e dihs e enbertat c'offesset a mossenh Guilhem del Prestinh
1027 1896 6304 2045 capela que esta a Lauserta, tenen e offician las capelanias, lasquals laychero e instituyro e ordenero maestre Arnau de la Garrigua e na Ramunda de la Garriga,
1006 1996 6276 2171 sa filha, que foro en lors derriers testamens stipulan e recebent lo dig mossenh Guilhem, per si meyhs e per totz sos succesors, capelas tenens e officians las
1066 2102 6262 2283 dichas capelanias que ela tenia de lhuy e de las dichas capelanias en fios, una pessa de terra e las mayos queyso e.la terra en que las dichas mayos so que
1070 2218 6202 2381 es tot a hu tenen en la dicha parroquia de Nostra Dona de Lauserta e.l campmas apelat de la Nogayreda, qu'este d'una part ab lo cami cominal per on hom va de Lanserta
1054 2324 6203 2473 vas Belcayre, ed eios pel fons ab hu autre cami cominal, e d'autra part ab la terra de na Johana Delhions, molher d'en Ramon Costo, e d'autra part ab la
1070 2432 6232 2603 terra d'en Bernat de Bonavinhola, e d'autra part ab la terra d'en Ramon de la Longanha. E may una pessa de terra que es en la dicha parroquia de
1153 2546 6237 2723 Nostra Dona de Lanserta e.l meyhs terratori e e.l campmas de la Noguayreda, qu'este d'una part ab lo cami cominal per on hom va de Lauserta vas Belcayre, e d'autra
1066 2633 6240 2798 part pel fons ab la terra de maestre Guilhem del Bosquet, e dessus pel cap ab lo cami cominal per on hom va de la Nogayreda vas Dalmayrat, e d'autra part
1083 2722 6250 2900 ab la terra de la Malandia de Belcayre e per l'au costat ab lo prat de maestre Bernat Guast, lo valat en meg ab totz lors apertenemens diu trais e dichus odre
1078 2852 6240 3017 vias e de camis e d'albres e d'als ab dos sols caorcencos d'acaptes as senhor [Mu]dan e ab hu sestiers de fromen a mesura de Lauserta de ces e de renda cadan
1075 2944 6265 3134 una veguada a la Santa Maria de cetembre %e ab tres sols e sies deniers caorcentos de ces e de renda cadan una vegada en la festa de martror Redutz e apportatz los deniers a Lauserta a l'osdal desdig mossenh Guilhem del Prestinh e de sos successors, losquals
1061 3049 6274 3238 acaptes e ces e renda dessus digs, e expressatz la dicha na Johana de la Nogayreda per si meycha e per totz sos heretiers e per tot son ordenh sen obliguet redre
1088 3166 6266 3345 e pagar al dig mossenh Guilhem del Prestinh e as sos successors capelas tenens e officians las dichas capelanias, so es assaber lodig acapte as senhor
1096 3269 6266 3456 Mudan, quant si en devendra elsdigs ces e rendas cadan una vegada a li digs termes, ab covens que no y pot hom far sobre fios ni o pot hom do¬
1108 3376 6234 3556 nar ni vendre ni enpenhar ni permutar ni en autra manera alienar a cavalier ni a donzel ni a clergue ni a mayo d'ordre ni a neguna autra persona
1106 3488 6242 3658 ni loc per que lo dig mossenh Guilhem del Prestinh ni sos successors capelas tenenens e officians las dichas capelanias poguesso perdre lors
1075 3587 6246 3758 saihorias feizals ni lors dregs ni lors devers. Acta fuerunt hec apud Lausertam in operatorio mei notarii infrascripti, testibus presentibus
1120 3682 6226 3868 Geraldo de Jocglar, Arnaldo Grel, habitaroribus Lauserte, Arnaldo de la Barita et Guillelmo Brunet, parrochie ecclesie de Ginolhaco. Et me Guillelmo
1094 3782 6218 3973 de Posoliis de Lauserta notario auctoritate regia publico, qui de premisis requisitus per dictum domini Guillermum del Prestinh hanc cartam
1086 3890 6230 4062 recepi et in meo prothocollo notavi et ex inde abstrahi et grossare feci per Guillermum Milhani clericum coadjutorem meum.
1155 3983 6258 4184 Et ego idem Guillelmus de Posoliis notarius
1102 4085 3560 4202 antedictus hic me subscripsi signoque meo solito signavi.
