5191 6828
407 1846 4628 1982 Nos Petrus Mercatoris, licentiatus in legibus, custos sigilli communis domini nostri Francorum regis in Matisconense ballivia constituti, notum facimus universis presentes litteras
506 1944 4676 2064 inspecturis quod, cum deffunctus Dyonisius de Rivo quondem notarius regius tempore quo vivebat plures notulas litteras et instrumenta super diversis contractibus sub dicto communi sigillo
478 2029 4704 2162 recepisset et in ejus papiris, prothocollis et registris conscripsisset, conscribi et registrari fecisset et signasset, quas et que morte preventus grossare et in formam publicam reddigere nequivit
486 2123 4697 2249 cujusque ad dictas notulas, contractus et instrumenta grossandum et in formam reddigendum publicam ne ullo casu valeant deperire, dilectus noster dominus Johannes de Rivo de Cluniaco presbiter,
497 2211 4715 2352 filius dicti Dyonisii, auctoritate regia publicus notarius et juratus extiterit commissus et deputatus prout patet per litteras tenoris subsequentis : Karades des Quesnes, miles dominus de Sares¬
514 2308 4675 2428 viller, cambellanus domini nostri regis ejusque baillivus Matisconensis et senescallus Lugduni, dilecto nostro domino Johanni de Rivo presbitero notario regio salutem. Cum Dyonisius de Rivo
507 2383 4655 2522 quondem regius notarius pater vester tempore quo vivebat plures litteras, contractus et instrumenta sub communi sigillo regio baillivie Matisconensis receperit et tam in suis registris et
498 2467 4688 2610 prothocollis quam etiam in cedulis et notulis conscripserit et registraverit, ipseque Dyonisius morte preventus ipsas litteras contractus et instrumenta grossare et in formam publicam reddigere ac partibus
498 2561 4638 2702 quarum interest reddere non potuerit, hinc est quod actenus premissis et ne dicte littere, constractus et instrumenta perire valeant ullo casu, vobis de cujus probitate et diligentia confidimus,
502 2653 4636 2779 in hac parte tenore presentium commictimus et mandamus quatinus omnes et singulas litteras, contractus et instrumenta per dictum quondem Dyonisium sub dicto communi sigillo recepta et
487 2737 4703 2878 nondum grossata tam in papiris et prothocollis dicto quondem Dyonisii quam alibi registrata, grossetis et in formam publicam reddigatis, facti substantia non mutata, easque et ea reddatis
492 2821 4680 2958 partibus quarum interest pro salario moderato. Datum Matisconi sub sigillo curie nostre die vicesima prima mensis augusti, anno Domini .cccmo. nonagesimo nono per dictum baillivum
473 2911 4608 3048 A. de Carlato. Hinc est quod prefatus dominus Johannes de Rivo commissus ut supra inter ceteras notulas contractus et intrumenta per dictum quondem Dyonisium notarium regium recepta
506 3007 4620 3128 in ejus papiris reperiit et se reperisse retulit quandam notulam sive contractum signo manuali ipsius quondem Dyonisii signatum, cujus tenor de verbo ad verbum sequitur et est
498 3098 4556 3213 talis : Noverint universi quod, anno Domini millesimo .cccmo. septuagesimo octavo, die penultima mensis maii, noblis vir, dominus Johannes de Marziaco, miles prepositus Cluniacensis
492 3174 4624 3299 personaliter constitutus et existens coram reverendo in Christo patre et domino, domino Jacobo, Dei gratia abbate Cluniacense, junctis manibus, extracto capucio et alias, prout est fieri consuetum,
496 3257 4676 3388 et de jure tenetur vel consuetudine fecit feodum et homagium dicto domino abbati presenti et acceptanti suo et nomine sue Cluniacensis ecclesie de rebus et bonis, hereditagiis inferius declaravit.
484 3339 4600 3470 Et primo de quadem domo cum curtili et vinea contiguis situata in villa Cluniacense prope macellum Cluniacensem. Item de octo libris censualibus sibi debitis super pluribus domibus, terris,
468 3425 4608 3562 vineis, pratis et aliis possessionibus situatis in villa Cluniacense et territorio in cartulariis ipsius militis registratis, in quibus rebus idem miles quando venduntur laudimia
507 3512 4635 3653 debet habere. Item de jure sibi competenti in villa Cluniacense ratione crierie seu proclamationis vinorum dicti loci. Item de jure suo percipiendi anno quolibet unam peciam carnium
476 3601 4724 3742 bovivarum a quolibet carnifice ville Cluniacensis. Item de duodecim gallinis censualibus sibi debitis in villa et territorio Cluniacensibus. Item de jure suo percipiendi anno quolibet in carniprivio
496 3685 4640 3834 in Cluniaco a qualibet muliere publica unam gallinam. Item de quodem prato continente decem quadiga feni. Item de nemore suo continente plateam decem jugum terre sito
476 3769 4660 3920 versus Suncas. Item de viginti solidis terre quas habet in territorio Berziaci ville. Quas quidem domus, census et bona et hereditagia suprascripta cum suis pertinentiis universis
496 3855 4628 4008 confessus fuit dictus miles et adhuc confitetur quod predecessores sui a quibus causam habet ipsas et ipsa tenuerunt et possiderunt in et de feodo legio cum homagio Cluniacensis
484 3947 4672 4096 ecclesie et abbatorum qui fuerunt pro tempore et adhuc de presenti. Idem miles confitetur ipsa bona et publice recognoscit tenere et possidere in et de feodo legio cum homagio ipsius domini
480 4033 4652 4180 abbatis moderni et ejus ecclesie Cluniacensis ac successorum suorum et juramentum fidelitatis servare promittit dictus miles pro se et successoribus suis im perpetuum qui dicta
484 4123 4592 4262 bona tenebunt et possidebunt sine contradictione quacumque, ad quas si quidem feodi et homagii legii prestationem et recognitionem dictus dominus Cluniacensis abbas
492 4199 4704 4348 prefatum militem recepit et admisit cum prestationibus per dictos dominum abbatem et per dominum Johannem factis quod si reperiatur quod dictus teneat vel possideat quasdem vineas
500 4291 4616 4444 situatas in territorio Clunicense, de Lurduno, de Berziaco villa seu alias quascumque possessiones in et de feodo cum homagio ipsius domini abbatis quod illa que ulterius idem miles tenebit
484 4379 4608 4532 habeat recognoscere infra terminum juris supra hoc ordinatum alioquin cadant dicto domino abbati et ejus ecclesie Cluniacensi in commissum. Acta fuerunt hec in castro de Lurduno, anno et die
480 4463 4636 4620 quibus supra, presentibus venerabile et religioso viro domino Raymondo priore majore Cluniacense, domino Johanne de Germola milite et pluribus aliis vocatis pro testibus ad premissa Dyonisii
484 4549 4584 4705 de Rivo. In quorum premissorum testimonium cum nobis constat de premissis per fidelem relacionem dicti regii notarii commissi, ut supra, cui super hiis et aliis majoribus
492 4645 4732 4796 credimus, sigillum commune regium predictum litteris presentibus duximus apponendum. Datum et actum Cluniaco quo ad extractum et grossationem hujusmodi die .xxia. mensis octobris,
466 4734 1494 4814 anno Domini millesimo .ccccmo. primo
2558 4811 3726 4884 Prout suprascriptum est extraxi et in hanc
2580 4883 3766 4974 formam reddegi signo meo manuali solito teste.
3808 4893 4202 4980 De Rivo.
