6120 7560
1492 2849 4928 3022 Reverendo in Christo patri ac domino domino Raymundo miseratione divina venerabili abbati Cluniacensi sacroque conventui
1510 2975 4756 3138 eidem loci nec non difinitoribus capituli generalis, frater Philipus prior humilis sue domus Sancti
1538 3095 4862 3236 Laurencii de Bersogolio propontam hobedienciam et reverenciam tam debitam quam devotam usque
1520 3217 4852 3345 ad mortem. Cum propter causam quam habeo coram senescallo Xanctonense pro domino rege Francie
1520 3334 4856 3434 cum domino de Monte Morelli super proprietate cujusdam nemoris de quo domum nostram gravat,
1532 3441 4832 3542 impedit et perturbat propter quod sine magna lesione domus nostre ad istut capitulum generale quod dum
1532 3557 4920 3642 celebrari apud Cluniacum die dominica qua cantatur Jubilate accedere non possum. Quare paternitatem
1514 3658 4888 3749 vestram rogo et requiro quatinus absenciam meam super hoc si placet habeatis excusatam. Paratus
1546 3736 4878 3849 enim sum quidquid statum seu difinitum canonice ibidem fuerit domino concendente observare.
1550 3841 4754 3961 Datum die lune post obtabas resurrexionis Domini, anno Domini .M째.ccc째. vicesimo secundo.
