5191 7036
403 2143 4533 2390 Nos, frater Guillelmus de Espinacia, humilis major decanus de Paredo vicariusque generalis in spiritualibus et temporalibus reverendi in Christo patris ac domini, domini Cluniacensis abbatis in sua
407 2307 4528 2489 domo de Paredo, notum facimus universis presentes litteras inspecturis quod, cum Perretus dictus Perier et Bona eius uxor habitatores Paredi dederunt et donaverunt se et
426 2388 4515 2573 omnia bona sua conventui dicte domus de Paredo et religiosis ejusdem conventus. Propter [hoc] merito debent in franchisiis et libertatibus tanquam exempti sunt dicti
426 2485 4551 2687 religiosi manuteneri et confoveri et ab omnibus inquietationibus et injuriis deffenderi. Hinc est quod nos ipsos conjuges francos et liberos ab omnibus tailliis, impo¬
415 2580 4535 2801 sicionibus et subsidiis ville de Paredo volumus et jubemus fore liberos acque francos. Per presentes omnibus subdictis nostris inhibemus sub tanta pena quam
422 2676 4425 2899 possent commictere, erga dominum Cluniacensem et nos, ne dictis conjugibus imponent taillas, impositum seu subsidia recipiant ab ipsis seu levant, nec eisdem
433 2776 4370 3003 injurias, violentias aut gravamina aliqua faciant, inferant seu dicant. Et si in contrarium per aliquem factum fuerit nos vice et nomine dicti domini
401 2874 4435 3120 habemus et habebimus injurias, violentias et gravamina factas et facta tanquam dicto domino Cluniacense et nobis esse factas, et hec per servientes nostros [eo]
396 2980 4085 3226 quemlibet eorum volumus omnibus inhiberi. Datum die sabbati post festum beate Lucie virginis, anno Domini millesimo .CCCmo. sexagesimo secundo.
