7544 6120
942 2349 5138 2523 Nos officialis Matisconensis notum facimus universis presentes litteras inspecturis quod anno Domini millesimo trecentesimo vicesimo primo, die lune in feste beati Clementis
951 2435 5094 2609 [pape], in presencia Johannis Marescalli de Cluniaco clerici curie nostre jurati necnon et testium subscriptorum, presentavit se ac etiam comparuit religiosus vir frater Radulphus
974 2518 5116 2695 de la Guiche monachus Clun. procurator et nomine procuratorio religiosorum virorum dominorum . . abbatis et conventus Clun. coram presidentibus in concilio provinciali Lugdunensi quod tunc in Matiscon. civitate
1022 2614 5080 2791 celebrabatur, protestans de protestacionibus infrascriptis. Ego procurator Clun. predictus in primis protestor nomine procuratorio predictorum dominorum meorum . . abbatis et conventus Clun. et nomine
1022 2716 5062 2897 eorumdem quod coram vobis dominis presidentibus in predicto provinciali Lugdunensi concilio pro reverendo in Christo patre domino P. prime Lugdun. ecclesie archiepiscopo et comite non intendo comparere
1046 2814 4932 2997 nomine procuratorio dominorum meorum predictorum ratione citationis auctoritate metropolitana emisse, cum domini mei predicti . . abbas et conventus Clun. necnon et monasterium cum omnibus
1042 2918 4964 3109 membris suis sint exempti totaliter ab omnimoda juridicione ordinaria cujusquam et immediate per privilegia a sede apostolica dicto monasterio, membris et toti Cluniacensi
946 3026 4898 3215 ordini concessa sacrosancte sedi apostolice sint subjecti. Protestor insuper ego procurator Clun. predictus nominibus quibus supra quod per dictam comparicionem et presenciam
1050 3134 4986 3321 meam non intendo in dicto concilio comparere nomine predictorum dominorum meorum, nisi in quantum tangit et tangere potest factum, statum et honorem domini regis Francorum,
1058 3238 4964 3416 ac etiam in quantum in memorato concilio de articulis fidei tractaretur, et non virtute citationis auctoritate metropolitane emisse. Protestor ego procurator
1074 3332 4962 3522 Cluniacensis predictus nominibus quibus supra quod per hujusmodi comparicionem et presenciam meam non intendo privilegiis et libertatibus dictis dominis meis, monasterio, ordini et personis
1062 3418 4914 3601 ejusdem a sede apostolica concessis aliqualiter derogare. Has autem protestationes meas et earum quamlibet facio nomine de Paredo, de Sancto Marcello prope
1056 3516 4932 3721 Cabilonem, et de Amberta prioratuum priorum, procuratorio nomine eorumdem necnon et aliorum Cluniacensis ordinis vocatorum ad hujusmodi concilium auctoritate metropolitana,
1076 3635 4904 3817 qui auctoritate et virtute dictorum privilegiorum memorato monasterio et toti ordini Cluniacensi ab apostolica sede concessorum a totali juriditione cujusquam ordinarii
1080 3721 4890 3897 sunt exempti nec coram vobis tenentur comparere virtute citationis emisse a reverendo in Christo patre domino P. prime Lugdunensis ecclesie archiepiscopo et
1064 3812 4924 4010 comite, cum propter talem comparicionem et presentationem infringeretur libertas et interrumperetur prescriptio exemptionis concessa ipsi monasterio et toti
1080 3912 4926 4118 Cluniacensi ordini. Hujusmodi autem protestationes meas et earum quamlibet volo pro repetitis haberi in qualibet parte negocii. Quibus premissis orethenus[pro oretenus]
1100 4002 4880 4217 a dicto procuratore nominibus quibus supra propositis coram dictis presidentibus in aula domini Matisconensis . . episcopi et die predicta, dominus Guillelmus de Burgo canonicus Matiscon. et
1089 4110 4838 4306 officialis Lugdun., presentibus aliis presidentibus in dicto concilio cum eodem pro reverendo in Christo patre domino P. prime Lugdunensis ecclesie archiepiscopo et comite, respondit
1100 4194 4916 4412 procuratori Cluniacensi predicto per hec verba : « Domine procurator, numquam fuit nostra intentio quod dicta citatio auctoritate metropolitana emissa pure et plene exemptos
1094 4290 4890 4536 [artaret?], nec est nostra intentio quod virtute dicte citationis auctoritate metropolitana emisse coram nobis comparere teneantur, nisi in quantum tangit et tangere
1084 4382 4768 4660 [potest factum?] regium, et maxime illi de Cluniac. ordine, quos pure et plene reputamus exemptos et etiam judicamus. » Ex quibus
1122 4456 4920 4746 [premissis omnibus] et singulis petiit dictus procurator nominibus quibus supra a me jurato predicto sibi dari et fieri publicum instrumentum ad memoriam
1121 4546 4868 4864 rei geste. Actum et datum die et loco predictis in presencia reverendi patris domini .J. Matiscon. episcopi, domini Symonis de Sancta Cruce decani
1076 4638 4928 4944 ejusdem loci, magistri Jacobi de Cuseyo et magistri Petri de Dompnapetra curati de Campo Ferreolo Cabilon. dyocesis, testibus a me jurato predicto
1163 4798 2384 5022 vocatis ad premissa sub anno et die predictis.
2974 4770 4144 4865 Expeditum est per me Johannem Marescalli predictum
3033 4861 4090 4968 juratum domini officialis Matisconensis sub hoc signo
3066 4963 3680 5055 meo solito quod est tale.
4164 4776 4443 4874 J. MA.
