6120 7448
1764 2458 4716 2583 Universis presentes litteras inspecturis Bertrandus miseratione divina episcopus Albiensis domini papae
1808 2598 4730 2719 camerarius salutem in Domino. Universitati vostre tenor presentium innotescat quod religiosus vir dominus
1808 2738 4714 2849 frater Henricus abbas monasterii Cluniacensis mille quingentos florenos auri pro complemento
1796 2862 4728 2989 sui comunis servicii, in quo camere domini nostri summi pontificis tenebatur astrictus nobis pro ipsa
1800 2990 4784 3121 camera recipientibus et septingentos sexaginta unum florenos auri et duodecim solidos Turonenses parvorum
1792 3136 4804 3247 pro quatuor serviciis familiarium ejusdem domini nostri . . clericis camere domni supradicti per manus religiosi
1812 3276 4830 3379 viri fratris Petri ejusdem ordinis solui fecit. De quibus sic solutis dictum abbatem et monasterium Cluniacensem
1808 3388 4686 3501 predictum absoluimus et quictamus. Ceterum dictum abbatem a suspensionis et excommunicationis sententiis ac
1796 3509 4722 3630 reatu perjurii quas quodve incurrisse dinogscitur, occasione hujusmodi pecunie in statuto sibi termino non
1812 3639 4702 3762 solute absoluimus. Secum super irregularitate siquam contraxit interea sic ligatus se immiscendo
1806 3770 4660 3903 divinis vel alia dicta de causa, non tamen incontemptum clavium, misericorditer dispensantes.
1816 3905 4774 4046 In cujus rei testimonium presente litteras fieri fecimus et sigilli nostri appensione muniri.
1820 4033 4892 4168 Datum Avinioni die .xxvi. mensis novembri, anno Domini millesimo trecentesimo decimo,
1790 4170 4799 4307 indictione octava pontificatus predicti domini nostri anno sexto.
2063 4390 2784 4510 Oddo de Serrameto
4590 4418 5116 4525 Johannes de Regio
