8312 6120
1560 1303 7096 1431 Clemens episcopus servus servorum Dei, ad perpetuam rei memoria.
1230 1435 7092 1561 Sacrosancta Romana ecclesia, de cunctorum fidelium cura sollicita, circa animarum salutem sedulo vigilat et intendit ac libenter obviat periculis earundem, et super hiis ex
1254 1573 7088 1697 quibus ipsa pericula prospicit provenire, oportunis remediis studet salubriter et utiliter providere. Dudum siquidem felicis recordationis Benedictus papa .xii.
1225 1688 7110 1812 predecessor noster, pro statu et reformatione religionis monachorum nigrorum, nonnulla statuta et ordinationes edidit, que mandavit et voluit in eadem religione perpetuis fu¬
1239 1810 7152 1933 turis temporibus observari, in transgressores eorum diversas sententias variasque penas spirituales et temporales nihilominus promulgando.Verum quia, sicut habet multorum pre¬
1244 1931 7140 2079 latorum et aliorum professorum fidedignorum et proborum virorum religionis ejusdem, zelantium statum ejus prosperum et tranquillum, expositio facta nobis, et experientia facti
1235 2064 7056 2212 docet, hujusmodi pene et sententie fore periculose nimium dignoscuntur et frequenter preparent laqueum animabus : cum multi prelati et eorum subditi religionis ejusdem
1232 2205 7144 2344 asserantur excommunicationum, suspensionum et interdictorum sententias, necnon inhabilitatum et irregularitatum maculas, aliasque penas, per transgressiones statutorum et ordinationum
1225 2322 7146 2485 hujusmodi incurisse ; predicti et nonnulli abbates et quamplures alii ejusdem religionis professores, in nostra presentia personaliter propterea constituti, nobis humiliter supplicarunt ut suo
1205 2475 7130 2606 et aliarum personarum religionis ejusdem statui, et animarum saluti in hac parte de oportuno providere remedio dignaremur. Nos igitur, personarum dicte religionis, cujus etiam nos alumpni et
1222 2608 7146 2730 professores existimus, animarum saluti affectu paterno consulere et earum obviare periculis in futurum salubriter intendentes ; considerantes etiam quod nedum exageratione penarum quin immo in man¬
1220 2733 7143 2840 suetudine et dulcedine lenitatis subditi in viam rectitudinis et justitie diriguntur, omnes et singulas penas et sententias, spirituales et temporales, in ordinationibus et statutis predictis conten¬
1223 2864 7135 2975 tas, apostolica auctoritate presentium tenore suspendimus. Omnesque temporales penas ––– quas prelati et persone predici per ordinationes et statuta hujusmodi vel occasione ipsorum quo
1260 2991 7112 3103 modolibet incurrerunt auctoritate predicta remittimus de gratia speciali ac predictos abbates, prelatos et personas alias religionis ejusdem coram nobis ut premittitur personaliter constitutos ac
1214 3129 7142 3231 petentes a nobis ab eisdem sententiis, si quas, occasione transgressionis statutorum et ordinationum hujusmodi quomodolibet incurrerunt humiliter se absolvi, a sententiis absolvimus memoratis, cum pre¬
1256 3261 7128 3361 latis et personis predictis, presentibus, ut premittitur, coram nobis super irregularitatis macula et inhabilitate, si quam pro eo quia sic ligati predicitis sententiis presumpserunt celebrare di¬
1236 3390 7096 3493 vina, vel se immiscere eisdem, seu quam alias occasione transgressionis statutorum ipsorum quomodolibet incurrerunt misericorditer dispensantes, et nihilominus confessoribus quos abbates et
1242 3518 7126 3623 prelati absentes religionis ejusdem, qui penas et sententias statutorum et ordinationum hujusmodi per transgressionem eorum incurrerunt, elegerint in hac parte, ipsos abbates et prelatos, a
1226 3647 7112 3765 penis et sententiis hujusmodi auctoritate apostolica, juxta formam ecclesie, absolvendi, et cum eis super irregularitate et inhabilitatibus, premissorum occasione contractis, auctoritate predicta
1210 3779 7126 3897 dispensandi, et tam eisdem, ligatis predictis sententiis atque penis, post absolutionem hujusmodi, quam aliis abbatibus et prelatis dicte religionis, prefatis penis et sententiis non ligatis,
1238 3907 7110 4037 ex nunc universos et singulos eorum subditos ab omnibus penis et sententiis quas per constitutiones et statuta hujusmodi incurrisse noscuntur, auctoritate predicta absolvendi, et cum ipsis
1226 4042 7114 4172 subditis super irregularitate et inhabilitatibus, si quas ex premissis vel eorum occasione, forsitan contraxerunt, auctoritate predicta modo simili dispensandi, injunctis eis salutari penitentia, et aliis
1228 4156 7116 4310 que viderint expedire, plenam et liberam, tenore presentium, concedimus potestatem. Nulli ergo omnino hominum liceat hanc paginam nostre suspensionis remissionis absolutionis dispensa¬
1203 4290 7124 4443 tionis et concessionis infringere vel ei ausu temerario contraire. Si quis autem hoc attemptare presumpserit, indignationem omnipotentis Dei et beatorum Petri et Pauli apostolorum ejus se nove¬
1184 4415 7136 4555 rit incursurum. Datum Avinioni kalendas Junii, pontificatus nostri anno primo.
