6120 8600
1106 864 4842 1000 Quoniam ut ait Gregorius super Ezechiele « Qui bona agunt si meliora agere deliberant et post ea deliberata non faciunt,
1146 1008 4862 1130 licet in bonis prioribus perseverent ex deliberatione, tamen in conspectu Domini ceciderunt ». Et in Ecclesiastico legitur : « Mortuo non pro¬
1162 1149 4886 1264 hibeas gratiam » sciens quod omnes moriemur et omnia que de terra orta sunt in terra revertentur et ideo qui terram vendit pre¬
1168 1279 4890 1406 oculis habeat quoniam in terram reversurus est. Et quoniam homini mors futura est et appropinat et si retardat recordetur, quia
1162 1439 4888 1546 non est hominis certa set Dei, juxta illud psalmiste : « Domini est terra et plenitudo eius ». Idcirco Bisuncius de Septem Fontibus, armeator
1164 1563 4890 1684 civis Lugdunensis, attendens et considerans quod si bonum propositum in animo suo jam conceptum non compleret reus opprobris in die
1142 1693 4888 1819 judicii haberetur, considerans etiam quod ea que gratis a Deo accepit gratis reddere debet, dignum duxit arbitrandum
1156 1822 4898 1954 ut dum licet anime sue provideat ob hoc idem Bisuncius, anno Domni .M°. CCC°. secundo die mercurii ante festum nativitatis beate Marie
1152 1956 4892 2084 Virginis, constitutus in presentia mei Johanis Baconerii clerici Lugdunensis auctoritate apostolica et imperiali publici notarii et testium
1198 2111 4896 2225 subscriptorum pro remedio anime sue, uxoris sue, filiorum, parentum et omnium benefactorum suorum et specialiter Petri de Camera de
1182 2249 4914 2377 Clugniaco et omnium aliorum, ex nunc statuit, vult et mandat fieri et hedificari quoddam altare in ecclesia monasterii Clugniacensis,
1198 2396 4882 2530 in quo quidem altari postquam hedificatum fuerit ex tunc perpetuo missa cotidie celebretur per verum sacerdotem
1198 2549 4878 2665 ydoneum religiosum vel secularem, secundum quod venerabili in Christo patri domino abbati Clugnicensi placuitur ordinandum. Et
1210 2679 4836 2803 quoniam ut ait Apostolus : « Qui altari servuit de altare vivere debet », et ut dicto altari melius et liberalius
1222 2814 4956 2964 ex nunc in futurum valeat deserviri, idem Bisuncius in presentia mei dicti notarii et testium subscriptorum ex nunc
1226 2954 4988 3110 ut ex tunc dat, assidet, assignat et vult assignati et assideri duodecim libras turonenses annui redditus assiden¬
1236 3110 4934 3263 das et solvendas servitori altaris predicti vel cui domnus abbas Clugniacensis deputaverit vel ducentas et quadraginta
1226 3234 4968 3397 libras turonenses solvendas dicto domno abbati Clugniacensi pro emendis dictis duodecim libris Turonensibus annui redditus ad opus altaris
1222 3384 4958 3540 predicti. Et quod bone intentionis est dicti Bisunci ut res predicta debitum sortiatur effectum, ipse Bisuncius in pre¬
1246 3540 4994 3674 sentia mei dicti notarii et testium subscriptorum pro predictis duodecim libris Turonensibus annui redditus assidendum seu pro dictis ducentis
1234 3686 4968 3816 et quadraginta libris turonensibus solvendum ad opus emendi dictas duodecim libras Turonenses annui redditus pro altari predicto obligat et
1234 3827 5016 3971 ypothecat et tradit ut quasi in manu mei dicti notarii stipulantis nomine et ad opus dictorum prioris et conventus Clugniacensem spe¬
1246 3981 5024 4111 cialiter et expresse omnia bona sua immobilia que habet in parochia de Vernexsuus(?) sive sint domus, vinee, terre et prata et cetera.
1230 4118 4964 4260 Idem Bisuncius se constituit verum possessorem rerum predictarum nomine dictorum domini abbatis, prioris et conventus quousque dicte
1250 4256 5040 4393 duodecim libre turonenses annui redditus fuerint acquisite et assignate vel dicte ducente et quadraginta libre Turonenses pro dictis duo
1256 4392 4996 4536 decim libris Turonensibus acquirendis solute fuerint. Insuper idem Bisuncius in presencia mei dicti notarii et testium subscriptorum promitit
1216 4526 5002 4680 per juramentum suum super sancta Dei evangelia et corporaliter prestitum et sub obligatione omnium bonorum suorum mobilium et immobilium contra pre¬
1254 4653 4988 4837 missa vel aliquod premisse per se vel per alium non venire in judicio vel extra tacite vel expresse set consentire alicui
1252 4787 4980 4975 contraire noticie publice vel occulte nec impetrare per se vel per alium seu permittere impetrari in romana curia
1240 4940 4964 5120 seu legatorum sedis apostolice aut alicui alterius principii, ecclesiasticii vel secularii aliquis litteras, privilegia seu rescripta seu
1226 5098 5008 5272 uti etiam impetratis, quibus ipse Bisuncius seu ejus successores ad veniendum contra predicta vel aliquo de predictis pos¬
1238 5238 4988 5418 sent se deffendi innati in aliquo seu tueri. Et si forte quod absit idem Bisuntius contra predicta vel aliquo de predictis
1246 5380 4986 5558 veniret in judicio vel extra per se vel per alium tacite vel expresse tacite vel expresse, vult idem Bisuncius ex nunc ut
1232 5526 4998 5730 ex tunc in omni loco curia in judicio et extra sibi fidem et audientiam denegari. Et quo ad hec omnia et singula
1234 5698 4996 5892 interdictioni omni judicis se supposuit. Quocirca idem Bisuncius renunciat in hoc facto ex certa scientia et per
1248 5838 5028 6016 juramentum exceptioni quod dictum altare non preciperit fieri et hedificari dictarum duodecim librarum Turonensium annui redditus
1236 5987 5014 6153 non assignatarum seu assignandarum dictarum ducentarum et quadraginta librarum Turonensium non promissarum pro dictis redditibus assi¬
1228 6139 5016 6289 dendis, dictarum obligationis et promissionis non factarum petitioni et oblationi libelli litis contestationi copie presentium
1228 6278 5012 6453 omni lesioni, deceptioni et conventioni omni restitutioni in integrum juri dicenti confessionem extra judicium et etiam non suo
1222 6410 5046 6603 judice factam et generalem renonciationem non valere jurique dicenti subicientem se juridictioni alterius judicis
1236 6566 4976 6740 ante litem contestationem posse penitere doli metus et in factum accionibus et exceptionibus et omni juri canonico et civili omnibus
1232 6720 4980 6905 que litteris, rescriptis, privilegiis seu quantum a sede apostolica ejus legatis seu quovis alio principe, ecclesiastico vel seculari
1224 6852 4998 7069 impetratis vel impetrandis sub quacumque forma verborum concessis et concedendis omnibusque consuetudinibus et usagiis
1924 7042 5014 7220 per que seu quas ipse Bisuncius et successores sui possent se tueri in aliquo seu juvari.
1990 7190 4966 7366 Acta sunt hec Lugduni in domo quam ego dictus notarius inhabito, presentibus Johanne dicto de
1966 7342 5030 7504 Dyvione curie Lugdunensis jurato et Johanne Candelario curie Lugdunensis ad hoc rogatis, et datum
1950 7478 5086 7662 anno et die mercurii quibus supra indictione xva, pontificatus domini Bonifacii papae octavi anno .viiio.
1864 7620 5086 7838 Ego vero dictus notarius predictus superius enarratis presens interfui presensque instrumentum inde
1810 7785 3938 7917 confeci et signavi a dicto Bisuncio rogatus.
