7480 6120
1174 785 6646 954 Nous, Miles sire de Noyers, chevalier, conseiller du Roy nostre seigneur et bouteiller de France, a touz ceulz qui ces presentes lettres verront salut. Savoir faisons que, comme religieus homme et honeste frere, Guillaume de la Forest, prieur conventual du prioré de
1234 871 6630 1040 Saint-Reverien de l’ordre de Clugny du diocese de Nevers, eust fait proposer nagaires par devant le Roy mon dit seigneur contre haut homme et puissant, monseigneur le conte de Flandres, de Nevers et de Rethel, messire Robert seigneur de Saint-Venant, Tierry de Bievre chas¬
1230 955 6614 1124 tellain de Diquemue et plusieurs autres leurz complices, plusieurs excés, injures, violences, mors, mutalations et bleceures que le dit prieur disoit estre faitez jadis a Saint-Reverien par les genz dudit conte, et depuis ce le dit conte, par li et par les genz desquiex il s’est
1234 1032 6634 1198 fait fort, d’une part, et le dit prieur ou nom de li et de son convent et frere Guillelme de Laye, procureur de religieuse personne, l’abbé et le convent de Clugny, pour eulz et leurz aidanz, d’autre part, nous aient donné et octroié povoir et auctorité de ordener, sentencier et
1234 1106 6650 1270 pronuncier sur ce en tant comme il les touche et peut touchier en la maniere que bon nous sembleroit et il nous plairoit, si comme il peut apparoir plus a plain par deux paires de lettres sur ce faites et scellees du seel de chastellet de Paris dont les teneurs sont telles.
1262 1181 6662 1348 A touz ceulz qui ces presentes lettres verront et orront, Guillelme Gormont, garde de la prevosté de Paris, salut. Savoir faisons que, par devant Hervi le Jeune et Pierre a Parisis clers notaires jurez du roy nostre seigneur establis de par ycelli en son chastellet de Paris et aus choses
1230 1261 6622 1424 cy dessouz oïr et mettre en fourme publique commis et deputez en lieu de nous fu personnelment establis tant comme en jugement par devant nous tres haut, noble et trespuissant prince monseigneur Loÿs, contes de Flandres, de Nevers et de Rethel, lequel de
1226 1331 6626 1494 certaine science et liberal volenté, pour bien de pais et d’accort et touz plaiz et rios eschiever, voult, accorda et consenti par ces lettres par devant les diz clers notaires jurez comme par devant nous et veult et accorde que de touz les debas, descors et contens meus entre
1242 1405 6586 1556 le dit monseigneur le conte, le seigneur de Saint-Venant, le chastellain de Diquemue, chevaliers et conseilliers, ses genz familiers et amis, d’une part, et le prieur de Saint-Reverien pour li, son convent ses hostes, hommes de corps et autres, ses justiçables, d’autre, pour
1234 1485 6620 1619 cause de la complainte que les diz prieur et convent ont faite par devant le roy nostre seigneur de leurz diz hostes et hommes de corps mors, mutilés, navrés, injures faitez a eulz, auz diz prieur, convent, moines singulers et autres personnes de leur mesnie prinses,
1218 1561 6578 1696 dommages, despens et interés encourus pour ceste cause et de tout ce qui s’en peut et pourroit dependre, tres haut, tres noble et puissant homme monseigneur Mile, seigneur de Noyers, chevalier et conseiller du roy nostre seigneur, bouteillier de France, cousin
1228 1629 6566 1772 dudit conte, puist cognoistre et cognoisse sommierement et de plain et sur ce sentencier, ordener, dire et determiner haut et bas a sa plaine volenté ordre de droit gardé ou non gardé, le devant dit conte a ce present ou absent. Et par ces lettres des diz contens,
1222 1701 6558 1851 debas et descors, le dit monseigneur le conte charga son dit cousin le seigneur de Noyers pour en faire et ordener du tout a son bon plaisir, laquelle sentence, ordenance, dit ou determination qui sur ce sera faite par le dit monseigneur de Noyers le dit conte puist
1194 1771 6590 1925 et accorda en bonne foy par devant les diz notaires jurés a avoir et tenir ferme, estable et aggreable a touz jourz sanz aucun appel ne venir contre par quelconques voie que ce soit, et rendre touz couz et despenz se aucuns y avoit faiz par son deffaut. Et quant a tout
1202 1845 6578 2009 ce que dit est, faire, tenir, acomplir et enteriner, sanz aller ne faire contre, obliga le dit monseigneur le conte, et pour obligiés d[?]essa soy, ses hoirs, touz ses biens et les biens de ses hoirs, meubles, nomeubles, presenz et a venir, a susciter par le roy nostre seigneur, par nous et noz
1214 1921 6598 2096 successeurs prevos de Paris et par toutez autres justices ou il seront trouvez et que le porteur de ces lettres vouldra eslire en le [?] sousmettroit du tout anz dictez juridictions en ceste partie, touz pour prendre, saisir, arrester, vendre et despendre pour ces lettres du tout
1210 2005 6602 2182 enteriner. En tesmoing de ce, nous a la relacion des diz clers notaires jurés auz quiex nous adjoustons foy pleniere [en] ce cas et en greigneur avons mis en ces lettres le seel de la prevosté de Paris. Ce fu fait l’an de grace mil .ccc. quarante et trois, le lundi quinze
1210 2085 6568 2268 jours du moys de decembre. A touz ceulz qui ces presentes lettres verront, Guillaume Gormont, garde de la prevosté de Paris salut. Savoir faisons que, en la presence de Jehan Juinant et Pierre de Lyons, clers notaires du roy nostre seigneur jurez et establis de par ycelli
1194 2162 6516 2352 seigneur en son chastellet de Paris, et quant auz choses cy dessouz escriptes oir et avons rapporter et mettre en forme publique commis et deputez, auz quiex en ce cas et en greigneur nous adjoustons foy pleniere, pour ce personnelment establis
1174 2234 6564 2436 religieus homme et honeste frere Guillaume de la Forest, prieur du prioré de Saint-Reverien de l’ordre de Clugny de sa diocese de Nevers ou nom de lui et du convent de l’eglise de Saint-Reverien, convent dudit prieur, et tant en son propre et privé nom
1186 2308 6578 2524 come es noms de son dit convent, et pour lequel il se fist fort especiaument quant a ycelli son convent faire avoir aggreable(?) a touz jourz tout ce qui eus[?]. Afferma et en bonne verité recognut et confessa par devant les diz notaires jurez que il, tant en son
1186 2383 6586 2607 propre et privé nom et es noms que dessus, et premierement pour bien de pais de touz les descors, plais, rios, contens in[jures] toutes les actions dont le prieur avoit ouvert et fait demande et tant en cause nagaires par devant nostre seigneur le roy en la ville de Chan¬
1170 2461 6602 2685 teleu, noble et puissant home, monseigneur le conte de Flandres et de Nevers a cause de ses genz, noble home monseigneur [Robert] de Saint-Venant, seigneur de ce mesme lieu, et monseigneur Tierry, chastellain de Diquemue, soy estre mis en compromis et ou dit, orde¬
1174 2539 6546 2766 nance, pronunciation ou sentence arbitrelle de noble et puissant home, monseigneur Miles, sire de Noyers et conseillier du roy nostre seigneur, pour dire, cognoistre, ordener, sentencier et pronuncier tout a sa plaine volenté de haut et de bas toutefois et quantes qu’il
1182 2619 6554 2852 li plaira, en lieu saint ou non saint, en estant ou en seant, ordre de droit gardé ou non gardé, le dit prieur absent ou present, tant comme arbitre arbitratent(?) ou amiable compositeur pris, nommez, esleu de par le dit prieur sus les diz descors, plaiz,
1170 2693 6613 2933 rios, contenz, injures, villenies et toutes les actions dessus dictes. Et illec fu present par devant les diz notaires jurés, religieus hommes [?] Guillaume de Laye, procureur general, si come il disoit de religieus homme et honeste monseigneur l’abbé de l’eglise de Clugny, lequel procureur,
1188 2769 6581 3021 ou nom et comme procureur du dit abbé, et le dit prieur, ou nom de lui et de son convent et prieuré et pour le [?], promistrent(?) et chascun pour tant comme il li touche et es noms que dessus faire vouloir, ottroier et accorder le dit monseigneur
1178 2851 6570 3110 l’abbé de Clugny dedenz Pasques prochaines a venir a tout tel dit, ordenance, pronunciation, sentence arbitrel [?] non comme par le dit(?) monseigneur Miles, sire de Noyers, a dit ordené, pronuncié, sentencié et par sa sentence arbitrelle ou
1178 2940 6538 3190 amiable composition. Et ou cas ou les diz prieur et procureur n’aroient ou ne pourroient avoir fait [?] contre [?]abbé a la sentence, dit, ordenance, pronunciacion ou sentence arbitrelle du dit monseigneur Miles de Noyers dedens le temps et terme
1162 3024 6538 3264 de Pasques prochaines a venir, comme dit est, le dit prieur ne le dit procureur en tant comme il li pouroit touchier [?]ront exequter de la sentence qui pour eulz pouroit estre donnee sus les diz conte et seigneurs ne sus autres a cause d’eulz,
1154 3103 6558 3348 jusques a tant que le dit abbé eust agreable et pour valable la dicte sentence ou ordenance dudit seigneur de Noyers. Et avec ce promist le dit prieur de Saint-Reverien faire accorder son dit comment pour lequel il s’est fait fort a tout ce present
1158 3196 6590 3417 accort et tout en la maniere que promis l’a. Et le dit procureur pour le dit monseigneur l’abbé dedenz les dictez Pasques prochaines [?] et souffise ce adjouste encore que toute l’exeqution de la dicte sentence qui par le dit monseigneur de Noyers sera faite souffrera en estat jusques alors
1178 3286 6582 3485 que les diz monseigneur l’abbé et le convent dudit prieur aient voulu et accordé la dicte sentence ou ce qui par le dit monseigneur de Noyers[?] a ordené sus les choses dessus dictez. Promettans yceuz prieur et procureur et chascun, pour tant comme il li touche et es noms
1162 3373 6570 3556 que dit est, touz les accors et promesses en ces lettres contenues tenir, garder fermement et loyaument accomplir et a[?] ne faire venir ou procureur contre a nul jour en temps a venir par raison de decepvance ou autrement, obligans quant a ce ycel
1176 3453 6554 3626 li prieur de Saint-Reverien tout le temporel de son dit prieuré et de touz ses successeurs prieurs d’icelli C[?] tant prieur comme procureur a toutes exeptions, deceptions et a toutes autres choses qui aidier et valoir leur pourroit en venant contre
1178 3529 6556 3710 les choses en ces lettres contenues ou contre aucun d’icelli, et au droit disant general renunciation non valoir. En tel [?] de ce nous a la relation des diz notaires jurés avons mis en ces lettres le seel de la prevosté de Paris, l’an de grace mil .ccc.xl. et trois,
1154 3609 6504 3792 le jeudi .xviii. du mois de decembre. Nous, oy et examiné diligemment le debat que les dictez parties povoient avoir sur ce [?], consideré et eu conseil et deliberation sur ce aus sages, avonz traité entre elles et accordé, ordené, dit, pronuncié et sentencié pour bien de pais en
1164 3685 6512 3872 la fourme qui s’ensuit. Premierement, que le dit monseigneur le conte donrra, baillera et delivrera pour les mors, mutilés et bleciés de Saint-Reverien(?) par les genz dudit monseigneur le conte auzquiex les dictez genz dient qu’il ont accordé, et toutevoies en y a il avenus a qui il
1146 3761 6532 3960 n’ont point accordé, six vins livres tournois forte monnoie a paier, tantost oultre ce qui ja en a esté paié et promis de paier [?] dessus diz et seront bailleez au seigneur de Cruz et au prieur de Bucy pour distribuer aux bleciés et a leurz amis selonc ce que bon leur semblera.
1176 3835 6520 4040 Item, paiera et delivrera le dit monseigneur le conte au dit prieur et a son convent de Saint Reverien et pour leur [?] et p[?] de leurz biens et despens faiz en la proseqution de ces choses deux mil deux cens escus d'or a paier et deux ans et a quatre paiemens,
1160 3921 6526 4126 c'est assavoir cinq cens et cinquante escus d'or a la Pasque prochaine venant, et a la saint Remy ensuivant autres cinq cens et [cinqu]ante escus d'or, et ainsi a l'annee aprés ensivant et auz diz termes. Et de ce li diz monseigneur le conte asseurera les diz religieus par gens
1130 4005 6542 4209 a ce souffisant(?) qui les diront et promettront a rendre pour li auz diz religieus de Saint Reverien et en feront leur propre desouz(?) seaulz royaulz et bonnes lettres diteez le miex que l’en pourra par conseil de sages. Item que les diz religieux de Saint-Reverien pourront acheter
1156 4075 6450 4287 et acquerir en la conté de Nevers es fiez et arrierefiez dudit monseigneur le conte en la justice et ressort du dit conte quarante livres tournois de terre assise a coustume du pais, en telle manière qu’il ne puissent acquerir nulle haute ne moyenne justice, fiez,
1136 4157 6532 4382 chastiaus ne fortresses ; toutefois pourront il acqueire basse justice ne ne seront tenuz de faire ou paier aucune fin[?] pour ce au dit monseigneur le conte ou a ses genz. Item, que la question de la sauvegarde dont debat a esté et est encore entre les dictez parties et
1138 4247 6530 4468 ycelle sauvegarde demeure et tiengne en tel estat comme elle estoit devant ce que li faiz des excés et injures dessus dictez fust avenuz [?Sain]t Reverien sanz prejudice de l’une partie ne de l’autre. Item, que les diz religieux ne poursuivront pour ce jamais par eulz ne par autres le dit monseigneur le
1156 4333 6504 4548 conte, ses genz qui furent ou dit fait faire ne ceulz qui en sont ou seront souspeçonnez, soit en accusant ou denunçant ou [aul]tre maniere qu’elle que ce soit, par devant le roy nostre sire ne devant nostre saint Pere le pappe ou autre personne quelle que elle soit ; ainçois
1148 4407 6450 4642 desja voudront et consentiront que se aucune personne des dessus diz une ou plusieurs avoient encouru aucune sentence de c[?] ou aucuns procés estoient faiz contre eulz, par nostre saint Pere le pappe ou autre, pour cause des choses dessus dictez, qu’il puissent estre
1132 4501 6506 4732 absoulz tant comme touche les diz religieux sanz les diz religieus appeler en jugement ou hors et sanz en faire des ores en avant [?]lle autre amende par devers les diz religieus, fors en la maniere que dessus est dit et declairié. Item, que les diz procureur et prieur seront tenuz du curer
1148 4585 6518 4814 et procurer en effect par devers le dit abbé de Clugny et le convent de Saint-Reverien comment il ratiffient, approvent et confirment[?] cest present accort par leurz lettres seelleez de leurz seaulz dedenz le premier terme de Pasques dessus dit. Item, que, ou cas ou les diz abbé
1156 4663 6462 4896 de Clugny et couvent de Saint-Reverien n’avroient fait la dicte ratiffication et confirmation dedens le dit temps, que les [diz?] prieur et couvent de Saint-Reverien ne puissent faire exeqution ne demande contre le dit monseigneur le conte ne ceulz qui pour li en
1133 4746 6490 4984 doivent respondre des diz escus d’or du premier terme, ne des autres ensuivanz, ne soy aidier en rienz des autres choses [?] en cest present accort, jusques a tant qu’il auront faite la dicte ratiffication comme dit est. Item, que, ou cas aussi ou le dit monseigneur
1130 4832 6528 5066 le conte n’avroit donné auz diz religieus de Saint-Reverien les dictez seurtez, comme dit est, dedenz l’endemain du premier jour [prochain v]enant que les parties soient et reviegnent ou point et en l’estat ou elles estoient devant que cest traitiez fust comen¬
1132 4912 6526 5150 ciez, et que tout, quantque estoit dit, pronuncié et sentencié par nous, soit de nulle value et tenu et reputé pour nul [?] present accort vaille et tiengne et soit de telle force et vertu comme arrest donné en parlement a Paris et comme de arrest son puissent
1137 4994 6510 5236 aidier les dictez parties et chascune par soy, toutesfois et quantesfois que il leur plaira, par voie de exeqution et aussi bien [?] d’un an et d’un jour come devant. Et est assavoir que nous, le diz Miles, par vertu du povoir a nous donné par lez dictez partie,
1131 5082 6500 5302 avonz dit et pronuncié par nostre sentence arbitraire, disons, declairons et pronunçons toutes ces choses et chascune di[?] dessus est contenu. Et est nostre entente et voulons que les dictez parties les façent et accomplissent chascune en droit
1133 5158 5954 5352 soy sanz jamais venir encontre, en tesmoing de la quelle chose nous avonz mis en ces presentes lettres nostre [seël. Fait a] Paris le .xxiii. jour du mois de decembre, l’an de grace mil .ccc. quarante et trois.
