5191 6844
76 1695 5184 1785 Nos, frater Jabobus, miseratione divina Cluniacensis ecclesie minister humilis, notum facimus universis presentes litteras inspecturis quod, anno Domini millesimo .cccmo. septuagesimo septimo, in presentia domini Stephani
140 1783 5142 1891 Peyse, presbiteri curati Sancti Gengufi Eduensis diocesis, coadjutoris Johannis Bugnoux, notarii et tabellionis nostri in domo et curia nostris de Paredo ac testium subscriptorum, videlicet Johannis de Aqua, Johannis Travelli et
164 1873 5100 1979 Bernardi de Nochisiis ad imfrascripta vocatorum et rogatorum, personaliter constituti Guillelmus de Perreciaco de Paredo clericus et Perroneta ejus uxor, videlicet dicta Perroneta de auctoritate et mandato dicti
164 1964 5169 2067 mariti suis ipsam expresse auctorizantis in hoc facto, non vi, non dolo nec metu sed sua, ut asserunt, spontanea voluntate vendunt, tradunt, cedunt, concedunt, deliberant penitus atque quittant
154 2051 5070 2165 pro se et suis, Bartholomeo de Cuseriaco, clerico burgense de Paredo, licet absento, et Guillelmete ejus uxori presente, et vendit hujusmodi per se et dicto marito suo attempto et suis heredibus, imperpetuum furnum
180 2123 5154 2253 suum de Forgiis cum terra, fondo et pertinentiis ejusdem situm in villa Paredi juxta domum et terram dictorum emptorum ex una parte et juxta domum Ysabellis uxoris Guillelmi Meschini ex
168 2211 5140 2335 altera parte. Item quoddam nemus suum dictum nemus Borracet situm versus le Devent et vilagium de Soulen(?) videlicet pro precio quinquaginta duorum francorum auri boni et justi ponderis,
176 2293 5175 2417 de quibus dicta Guillelmeta suo et dicti mariti sui nomine soluta et realiter numeravit in presencia notarii et testium suprascripti, Johanni de Vechateaulx receptori arragiorum[pro arreragiorum], denariorum et inpositorum
184 2391 5182 2507 domini nostri regis in civitate et diocesis Eduensis presenti et de voluntate dictorum venditorum recipienti in solutas deducionem et executionem illorum in quibus tenebatur Hugo Rosselli dum vivebat
164 2481 5088 2605 et possunt tenere dicti venditores quinquaginta francos, tam in auro quam pecunia, et duos francos residuos censitos dicti venditores habuisse et recepisse a dicta Guillelmeta nomine quo supra quibus
184 2554 5149 2678 medians dictus Johannes de Vichateaulz nomine regis dicte venditioni se consentit, devestientes se dicti venditores pro se et suis coram coadjutore de dictis rebus sic venditis et [?] Guillelmete
186 2629 5090 2752 presente pro se et dicto marito suo et suis investita et possessionem corporalem inducent. nichil juris possessionum, proprietatum [?]sme sibi vel suis retinentis. Preterea vero in eadem
190 2715 5090 2837 juris instantia annoque et die predictis presentibus prefatis Johanne de Vichateaul regis receptore, predicto Johanne Cruelli et Bernardo de Nochisiis testibus ad infrascripta vocatis et rogatis in
198 2822 5116 2924 presencia prefati domini Stephani Peyseci coadjutoris predicto, personaliter constitutus prefatus Johannes de Aqua clericus burgensis de Paredo, non coattus nec deceptus, ut asserit, sed sciens sponte et providens
182 2895 5139 3012 manu cap.(?) pro predictis Bartholomeo de Cuseriaco filiastro suo et Guillelmeta uxore dicti Bartholomei filieque ejusdem Johanne se fortem faciens pro ipsis Bartholomeo et Guillelmeta conjugiis quod quociones huic ad proximum
194 2977 5114 3111 festum Penthecoste quod erit anno Domini .mo.cccmo. septuagesimo ottavo dicti Guillelmus de Perreciaco et Peroneta ejus uxor per dictum furnum de Forgiis et dictum nemus dictum Boracet per dictos Guillelmum
186 3075 5152 3203 et ejus uxorem ut permittitur dictis Bartholomeo et ejus uxore vendita et superius confirmata habere et redimere voluerunt quod prope eisdem conjugiis tradere et reddere ac rehabere faciet per redendo
194 3171 5122 3297 et solvendo dicto Bartholomeo et Guillelmeta conjugiis quinquaginta francos auri boni et legitimi ponderis nec non laudes seu laudimonia testamentaque missa et expensa horum de et super
206 3253 5162 3391 predictis factarum seu etiam faciendarum contraque predicta et quodlibet de eisdem promiserunt prenominati Guillelmus de Perreciaco et ejus uxor de mandato et auctoritate quibus supra nec non et dictus Johannes
204 3325 5122 3479 de Aqua prout quemlibet tanget et tengere potest coram dicto coadjuratore per sua juramenta super sanctam Dei evangeliam corporaliter prestita et sub obligatione omnium bonorum suorum mobilium et inmobilium
206 3437 5108 3569 presentium et futurorum se per se vel per alium seu alios de cetere non venire nec alicui convenire volenti consentire ymo ea rata, grata et firma habere perpetuo et tenere dictique Guillelmus
210 3531 5148 3651 et ejus uxor res predictas sic venditas dictis Bartholomeo et ejus uxor et suis perpetuo garentire in pace tenere et inviolabiliter observare renuntiantes in hoc facto ex sua certa scientia ejus actioni
194 3619 5114 3739 et exceptioni fori, doli, mali, metus, et in factum actioni exceptionique premissis modo predicto non factorum deceptioni ultra dimidium rei ita non geste condicioni sine causa vel ex injusta causa,
218 3709 5083 3831 petitioni et oblationi libelli, litis contestationi, omni juri in favore mulierum introduto, omni juri scripto et non scripto, canonici consuetudinali et civili jurique dicenti generalem renuntiationem
214 3797 5080 3926 non valere. In quorum premissorum robur ac testimonium ad preces et instanciam dictorum venditorum ac dicti Johannis de Aqua sigillum nostrum quo utimur in dicta domo
218 3902 5067 3974 nostra de Paredo litteris presentibus duximus apponendum. Datum et actum anno et die dictis et presentibus testis supradictis et premissis vocatis et rogatis. Ita est [Steph. Peyse]
